% Encoding: UTF-8

@Article{Zen2009statistical,
  author   = {Zen, Heiga and Tokuda, Keiichi and Black, Alan W.},
  journal  = {Speech Communication},
  title    = {Statistical Parametric Speech Synthesis},
  year     = {2009},
  month    = nov,
  number   = {11},
  pages    = {1039--1064},
  volume   = {51},
  doi      = {doi.org/10.1016/j.specom.2009.04.004},
}

@InProceedings{Dutoit1996mbrola,
  author    = {Dutoit, Thierry and Pagel, Vincent and Pierret, Nicolas and Bataille, Fran{\c{c}}ois and Van der Vrecken, Olivier},
  booktitle = {International Conference on Spoken Language Processing (ICSLP)},
  title     = {The {MBROLA} Project: Towards a Set of High Quality Speech Synthesizers Free of Use for Non-Commercial Purposes},
  year      = {1996},
  pages     = {1393--1396},
  volume    = {3},
  doi       = {10.1109/ICSLP.1996.607874},
}

@Article{Zen2005overview,
  author   = {Zen, Heiga and Toda, Tomoki},
  journal  = {Interspeech},
  address  = {Lisbon, Portugal},
  title    = {An Overview of {N}itech {HMM}-Based Speech Synthesis System for {B}lizzard {C}hallenge 2005},
  year     = {2005},
  url      = {https://citeseerx.ist.psu.edu/viewdoc/download?doi=10.1.1.210.5914&rep=rep1&type=pdf},
  doi      = {10.1093/ietisy/e90-1.1.325},
}

@InProceedings{Hunt1996unit,
  author       = {Hunt, Andrew J and Black, Alan W},
  booktitle    = {Acoustics, Speech, and Signal Processing},
  title        = {Unit Selection in a Concatenative Speech Synthesis System Using a Large Speech Database},
  year         = {1996},
  month        = {5},
  organization = {IEEE},
  pages        = {373--376},
  volume       = {1},
  doi          = {10.1109/ICASSP.1996.541110},
}

@InProceedings{Black2003unit,
  author    = {Black, Alan W},
  booktitle = {Interspeech},
  title     = {Unit Selection And Emotional Speech},
  year      = {2003},
  url       = {https://citeseerx.ist.psu.edu/viewdoc/download?doi=10.1.1.2.8457&rep=rep1&type=pdf},
}

@InProceedings{Burkhardt2000verification,
  author    = {Burkhardt, Felix and Sendlmeier, Walter F},
  booktitle = {Speech and Emotion},
  title     = {Verification of Acoustical Correlates of Emotional Speech Using Formant-synthesis},
  year      = {2000},
  url       = {http://citeseerx.ist.psu.edu/viewdoc/download?doi=10.1.1.385.471&rep=rep1&type=pdf},
}

@InProceedings{Hamon1989diphone,
  title			= {A Diphone Synthesis System Based on Time-domain Prosodic Modifications of Speech},
  author		= {Hamon, Christian and Mouline, E and Charpentier, Francis},
  booktitle		= {Acoustics, Speech, and Signal Processing},
  pages			= {238--241},
  year			= {1989},
  doi			= {10.1109/ICASSP.1989.266409},
  organization	= {IEEE}
}

@InProceedings{Gessinger2016PundP,
  author     = {Gessinger, Iona and Raveh, Eran and O'Mahony, Johannah and Steiner, Ingmar and M{\"o}bius, Bernd},
  booktitle  = {Phonetik und Phonologie im deutschsprachigen Raum},
  title      = {A Shadowing Experiment with Natural and Synthetic Stimuli},
  year       = {2016},
  address    = {Munich, Germany},
  editor     = {Draxler, Christoph and Kleber, Felicitas},
  month      = oct,
  pages      = {58--61},
  url        = {http://nbn-resolving.de/urn:nbn:de:bvb:19-epub-29405-2},
}

@InProceedings{Raveh2017PundP,
  author    = {Raveh, Eran and Steiner, Ingmar},
  booktitle = {Phonetik und Phonologie im deutschsprachigen Raum},
  title     = {Automatic Analysis of Segmental Features in a Real-Time Phonetic Convergence Pipeline},
  year      = {2017},
  address   = {Berlin, Germany},
  month     = sep,
  url       = {http://www.coli.uni-saarland.de/~raveh/assets/pdfs/Raveh2017PundP.pdf},
}

@InProceedings{Raveh2017ESSV,
  author    = {Raveh, Eran and Gessinger, Iona and {Le Maguer}, S{\'e}bastien and Steiner, Ingmar and M{\"o}bius, Bernd},
  booktitle = {Electronic Speech Signal Processing ({ESSV})},
  title     = {Investigating Phonetic Convergence in a Shadowing Experiment with Synthetic Stimuli},
  year      = {2017},
  address   = {Saarbr{\"u}cken, Germany},
  editor    = {Trouvain, J{\"u}rgen and Steiner, Ingmar and M{\"o}bius, Bernd},
  month     = mar,
  pages     = {254--261},
  url       = {http://essv2017.coli.uni-saarland.de/pdfs/Raveh.pdf},
}

@Article{Pardo2006phonetic,
  author         = {Pardo, Jennifer S.},
  journal        = {Journal of the Acoustical Society of America},
  title          = {On Phonetic Convergence During Conversational Interaction},
  year           = {2006},
  month          = apr,
  number         = {4},
  pages          = {2382--2393},
  volume         = {119},
  doi            = {10.1121/1.2178720},
}

@Article{Ohala1993phonetics,
  author   = {Ohala, John J},
  journal  = {Historical Linguistics: Problems and Perspectives},
  title    = {The Phonetics Of Sound Change},
  year     = {1993},
  pages    = {237--278},
}

@Article{Ohala1990phonetics,
  author    = {Ohala, John J},
  journal   = {Laboratory Phonology},
  title     = {The Phonetics And Phonology of Aspects of Assimilation},
  year      = {1990},
  pages     = {258--275},
  volume    = {1},
  publisher = {Cambridge University Press, Cambridge, UK},
  doi       = {10.1017/CBO9780511627736.014},
}

@Article{Ohala1989sound,
  author    = {Ohala, John J},
  journal   = {Language Change: Contributions to the Study of its Causes},
  title     = {Sound Change Is Drawn from a Pool of Synchronic Variation},
  year      = {1989},
  pages     = {173--198},
  publisher = {Mouton de Gruyter Berlin, Germany},
  doi       = {10.1515/9783110853063.173},
}

@InProceedings{Xia2014prosodic,
  author    = {Xia, Zhihua and Levitan, Rivka and Hirschberg, Julia},
  booktitle = {Speech Prosody},
  title     = {Prosodic Entrainment in Mandarin and English: A Cross-linguistic Comparison},
  year      = {2014},
  doi       = {10.21437/SPEECHPROSODY.2014-1},
}

@InProceedings{Edlund2009pause,
  author    = {Edlund, Jens and Heldner, Mattias and Hirschberg, Julia},
  booktitle = {Interspeech},
  publisher = {Springer},
  address   = {Heidelberg, Germany},
  title     = {Pause and Gap Length in Face-to-Face Interaction},
  year      = {2009},
  pages     = {2779--2782},
  url       = {https://academiccommons.columbia.edu/doi/10.7916/D8H420RP/download},
  doi       = {10.1007/978-3-642-12397-9_13},
  isbn      = {978-3-642-12397-9},
}

@Article{Brennan1996lexical,
  author   = {Brennan, Susan E},
  journal  = {ISSD},
  title    = {Lexical Entrainment in Spontaneous Dialog},
  year     = {1996},
  pages    = {41--44},
  volume   = {96},
}

@Article{Brennan1996conceptual,
  author    = {Brennan, Susan E and Clark, Herbert H},
  title     = {Conceptual Pacts and Lexical Choice in Conversation},
  journal   = {Journal of Experimental Psychology: Learning, Memory, and Cognition},
  year      = {1996},
  volume    = {22},
  number    = {6},
  pages     = {1482},
  publisher = {American Psychological Association},
  doi       = {10.1037/0278-7393.22.6.1482},
}

@Article{Furnas1987vocabulary,
  author    = {Furnas, George W. and Landauer, Thomas K. and Gomez, Louis M. and Dumais, Susan T.},
  journal   = {Communications of the ACM},
  title     = {The Vocabulary Problem in Human-System Communication},
  year      = {1987},
  number    = {11},
  pages     = {964--971},
  volume    = {30},
  publisher = {ACM},
  doi       = {10.1145/32206.32212},
}

@InProceedings{Lopes2013automated,
  author       = {Lopes, Jos{\'e} and Eskenazi, Maxine and Trancoso, Isabel},
  booktitle    = {Acoustics, Speech and Signal Processing (ICASSP)},
  title        = {Automated Two-Way Entrainment to Improve Spoken Dialog System Performance},
  year         = {2013},
  organization = {IEEE},
  pages        = {8372--8376},
  doi          = {10.1109/ICASSP.2013.6639298},
}

@Book{Hall2011phonologie,
  author    = {Hall, T Alan},
  publisher = {Walter de Gruyter},
  title     = {Phonologie: Eine Einf{\"u}hrung},
  year      = {2011},
  doi       = {10.1515/9783110215885},
}

@Article{Meyer1971facilitation,
  author    = {Meyer, David E and Schvaneveldt, Roger W},
  journal   = {Journal of Experimental Psychology},
  title     = {Facilitation in Recognizing Pairs of Words: Evidence of a Dependence Between Retrieval Operations},
  year      = {1971},
  number    = {2},
  pages     = {227},
  volume    = {90},
  publisher = {American Psychological Association},
  doi       = {10.1037/h0031564},
}

@Article{Huttenlocher2004syntactic,
  author    = {Huttenlocher, Janellen and Vasilyeva, Marina and Shimpi, Priya},
  journal   = {Journal of Memory and Language},
  title     = {Syntactic Priming in Young Children},
  year      = {2004},
  number    = {2},
  pages     = {182--195},
  volume    = {50},
  publisher = {Elsevier},
  doi       = {10.1016/j.jml.2003.09.003},
}

@Article{Wansink2012would,
  author    = {Wansink, Brian and Shimizu, Mitsuru and Camps, Guido},
  journal   = {Pediatric Obesity},
  title     = {What Would Batman Eat?: Priming Children to Make Healthier Fast Food Choices},
  year      = {2012},
  number    = {2},
  pages     = {121--123},
  volume    = {7},
  publisher = {Wiley Online Library},
  url       = {http://naturaleater.com/science-articles/what-would%20batman-eat.pdf},
}

@InProceedings{Reitter2006computational,
  author       = {Reitter, David and Keller, Frank and Moore, Johanna D},
  booktitle    = {Human Language Technology Conference},
  title        = {Computational Modelling of Structural Priming in Dialogue},
  year         = {2006},
  organization = {Association for Computational Linguistics},
  pages        = {121--124},
  doi          = {10.3115/1614049.1614080},
}

@Article{Pace2013concept,
  author   = {Pace-Sigge, Michael},
  journal  = {ICAME Journal},
  title    = {The Concept of Lexical Priming in The Context of Language Use},
  year     = {2013},
  pages    = {149--173},
  volume   = {37},
}

@InProceedings{Fandrianto2012prosodic,
  author    = {Fandrianto, Andrew and Eskenazi, Maxine},
  booktitle = {Annual Conference of the International Speech Communication Association},
  title     = {Prosodic Entrainment in an Information-Driven Dialog System},
  year      = {2012},
  url       = {http://citeseerx.ist.psu.edu/viewdoc/download?doi=10.1.1.406.6609&rep=rep1&type=pdf},
}

@Article{Harrington2000monophthongal,
  author    = {Harrington, Jonathan and Palethorpe, Sallyanne and Watson, Catherine},
  journal   = {Journal of the International Phonetic Association},
  title     = {Monophthongal Vowel Changes in Received Pronunciation: An Acoustic Analysis of The Queen's Christmas Broadcasts},
  year      = {2000},
  number    = {1-2},
  pages     = {63--78},
  volume    = {30},
  publisher = {Cambridge University Press},
  doi       = {10.1017/S0025100300006666},
}

@Article{Hruschka2009building,
  author    = {Hruschka, Daniel J and Christiansen, Morten H and Blythe, Richard A and Croft, William and Heggarty, Paul and Mufwene, Salikoko S and Pierrehumbert, Janet B and Poplack, Shana},
  journal   = {Trends in Cognitive Sciences},
  title     = {Building Social Cognitive Models of Language Change},
  year      = {2009},
  number    = {11},
  pages     = {464--469},
  volume    = {13},
  publisher = {Elsevier},
  doi       = {10.1016/j.tics.2009.08.008},
}

@InCollection{Dix2009human,
  author    = {Dix, Alan},
  booktitle = {Encyclopedia of Database Systems},
  publisher = {Springer},
  title     = {Human-Computer Interaction},
  year      = {2009},
  pages     = {1327--1331},
  doi       = {10.1007/978-0-387-39940-9_192},
}

@Article{Babel2014novelty,
  author   = {Babel, Molly and McGuire, Grant and Walters, Sophia and Nicholls, Alice},
  journal  = {Laboratory Phonology},
  title    = {Novelty and Social Preference in Phonetic Cccommodation},
  year     = {2014},
  number   = {1},
  pages    = {123--150},
  volume   = {5},
  doi      = {10.1515/lp-2014-0006},
}

@Article{Bailly2003close,
  author    = {Bailly, G{\'e}rard},
  journal   = {International Journal of Speech Technology},
  title     = {Close Shadowing Natural Versus Synthetic Speech},
  year      = {2003},
  number    = {1},
  pages     = {11--19},
  volume    = {6},
  publisher = {Springer},
  url       = {https://link.springer.com/content/pdf/10.1023/A:1021091720511.pdf},
}

@InProceedings{Schweitzer2014social,
  author    = {Schweitzer, Antje and Lewandowski, Natalie},
  booktitle = {International Seminar on Speech Production},
  title     = {Social Factors in Convergence of F1 and F2 in Spontaneous Speech},
  year      = {2014},
  address   = {Cologne, Germany},
  doi       = {10.13140/2.1.3709.5689},
}

@PhdThesis{Lewandowski2012talent,
  author   = {Lewandowski, Natalie},
  school   = {University of Stuttgart},
  title    = {Talent in Non-Native Phonetic Convergence},
  year     = {2012},
  url      = {http://elib.uni-stuttgart.de/bitstream/11682/2875/1/Lewandowski.pdf},
}

@PhdThesis{Lopes2013lexical,
  author  = {Lopes, Jos{\'e} David{\'A}guas},
  school  = {Instituto Superior T{\'e}cnico},
  title   = {Lexical Entrainment in Spoken Dialog Systems},
  year    = {2013},
  month   = {12},
  address = {Lisbon, Portugal},
}

@Article{Lebeuf2017software,
  author   = {Lebeuf, Carlene and Storey, Margaret-Anne and Zagalsky, Alexey},
  journal  = {arXiv preprint},
  title    = {How Software Developers Mitigate Collaboration Friction with Chatbots},
  year     = {2017},
  url      = {https://arxiv.org/pdf/1702.07011.pdf},
}

@Article{Pilato2005expert,
  author   = {Pilato, Giovanni and Vassallo, Giorgio and Augello, Agnese and Vasile, Maria and Gaglio, Salvatore},
  journal  = {Intelligenza Artificiale},
  title    = {Expert Chat-Bots for Cultural Heritage},
  year     = {2005},
  number   = {2},
  pages    = {25--31},
  volume   = {2},
  url      = {https://s3.amazonaws.com/academia.edu.documents/42545699/02_pilato.pdf?AWSAccessKeyId=AKIAIWOWYYGZ2Y53UL3A&Expires=1508414198&Signature=pm%2B7jTsc2DrP8cmPslgWImG%2FgNA%3D&response-content-disposition=inline%3B%20filename%3DExpert_chat-bots_for_cultural_heritage.pdf},
}

@InProceedings{Benotti2014engaging,
  author       = {Benotti, Luciana and Mart{\'\i}nez, Mar{\'\i}a Cecilia and Schapachnik, Fernando},
  booktitle    = {Innovation \& technology in Computer Science Education},
  title        = {Engaging High School Students Using Chatbots},
  year         = {2014},
  organization = {ACM},
  pages        = {63--68},
  url          = {http://www.fundacionsadosky.org.ar/wp-content/uploads/2015/05/Engaging-High.pdf},
}

@Article{Kerly2007bringing,
  author    = {Kerly, Alice and Hall, Phil and Bull, Susan},
  journal   = {Knowledge-Based Systems},
  title     = {Bringing Chatbots into Education: Towards Natural Language Negotiation of Open Learner Models},
  year      = {2007},
  number    = {2},
  pages     = {177--185},
  volume    = {20},
  publisher = {Elsevier},
  url       = {http://www.ai-research.org.uk/AliceKerly/html/Kerly_Hall_AI-06_for_web.pdf},
}

@InProceedings{Shawar2007chatbots,
  author    = {Shawar, Bayan Abu and Atwell, Eric},
  booktitle = {LDV Forum},
  title     = {Chatbots: Are They Really Useful?},
  year      = {2007},
  number    = {1},
  pages     = {29--49},
  volume    = {22},
  url       = {https://www.researchgate.net/profile/Eric_Atwell/publication/220046725_Chatbots_Are_they_Really_Useful/links/00b7d518ab7329add2000000/Chatbots-Are-they-Really-Useful.pdf},
}

@InProceedings{Kowatsch2017text,
  author    = {Kowatsch, Tobias and Ni{\ss}en, Marcia and Shih, Chen-Hsuan Iris and R{\"u}egger, Dominik and Volland, Dirk and Filler, Andreas and K{\"u}nzler, Florian and Barata, Filipe and Haug, Severin and B{\"u}chter, Dirk},
  title     = {Text-Based Healthcare Chatbots Supporting Patient and Health Professional Teams: Preliminary Results of a Randomized Controlled Trial on Childhood Obesity},
  booktitle = {Persuasive Embodied Agents for Behavior Change (PEACH)},
  year      = {2017},
  doi       = {10.3929/ethz-b-000218776}
}

@Article{Kuhl1991human,
  author    = {Kuhl, Patricia K},
  journal   = {Attention, Perception, \& Psychophysics},
  title     = {Human Adults and Human Infants Show a ``Perceptual Magnet Effect'' for the Prototypes of Speech Categories, Monkeys Do Not},
  year      = {1991},
  number    = {2},
  pages     = {93--107},
  volume    = {50},
  publisher = {Springer},
  doi       = {10.3758/bf03212211},
}

@Article{Kuhl2004early,
  author    = {Kuhl, Patricia K},
  journal   = {Nature Reviews Neuroscience},
  title     = {Early Language Acquisition: Cracking the Speech Code},
  year      = {2004},
  number    = {11},
  pages     = {831--843},
  volume    = {5},
  publisher = {Nature Publishing Group},
  doi       = {10.1038/nrn1533},
}

@Book{Benware1986phonetics,
  title     = {Phonetics and Phonology of Modern {G}erman: An Introduction},
  publisher = {Georgetown University Press},
  year      = {1986},
  author    = {Benware, Wilbur A},
}

@InProceedings{Gessinger2017Interspeech,
  author    = {Gessinger, Iona and Raveh, Eran and {Le Maguer}, S{\'e}bastien and M{\"o}bius, Bernd and Steiner, Ingmar},
  title     = {Shadowing Synthesized Speech -- Segmental Analysis of Phonetic Convergence},
  booktitle = {Interspeech},
  year      = {2017},
  pages     = {3797--3801},
  address   = {Stockholm, Sweden},
  month     = aug,
  doi       = {10.21437/Interspeech.2017-1433},
}

@InProceedings{Raveh2017SemDial,
  author    = {Raveh, Eran and Steiner, Ingmar},
  title     = {Phonetic Adaptation Module for Spoken Dialogue Systems},
  booktitle = {Semantics and Pragmatics of Dialogue (SemDial)},
  year      = {2017},
  pages     = {170--171},
  address   = {Saarbrücken, Germany},
  month     = aug,
  url       = {http://semdial.org/anthology/Z17-Raveh_semdial_0027.pdf},
}

@InProceedings{Raveh2017Interspeech,
  author    = {Raveh, Eran and Steiner, Ingmar and M{\"o}bius, Bernd},
  booktitle = {Interspeech},
  title     = {A Computational Model for Phonetically Responsive Spoken Dialogue Systems},
  year      = {2017},
  address   = {Stockholm, Sweden},
  month     = aug,
  pages     = {884--888},
  doi       = {10.21437/Interspeech.2017-1042},
}

@InProceedings{Levitan2016implementing,
  author    = {Levitan, Rivka and Benus, Stefan and G{\'a}lvez, Ramiro H and Gravano, Agust{\'\i}n and Savoretti, Florencia and Trnka, Marian and Weise, Andreas and Hirschberg, Julia},
  booktitle = {Interspeech},
  title     = {Implementing Acoustic-Prosodic Entrainment in a Conversational Avatar},
  year      = {2016},
  address   = {San Francisco, CA, USA},
  month     = sep,
  pages     = {1166--1170},
  doi       = {10.21437/Interspeech.2016-985},
}

@InProceedings{Smith2007prosodic,
  author    = {Smith, Caroline L},
  title     = {Prosodic Accommodation by {F}rench Speakers to a Non-Native Interlocutor},
  booktitle = {International Congress of Phonetic Sciences},
  year      = {2007},
  pages     = {313--348},
}

@Article{Shockley2004imitation,
  author    = {Shockley, Kevin and Sabadini, Laura and Fowler, Carol A},
  title     = {Imitation in Shadowing Words},
  journal   = {Perception \& Psychophysics},
  year      = {2004},
  volume    = {66},
  number    = {3},
  pages     = {422--429},
  publisher = {Springer},
  doi       = {10.3758/bf03194890},
}

@Article{Pardo2010conversational,
  author    = {Pardo, Jennifer S and Jay, Isabel Cajori and Krauss, Robert M},
  title     = {Conversational Role Influences Speech Imitation},
  journal   = {Attention, Perception, \& Psychophysics},
  year      = {2010},
  volume    = {72},
  number    = {8},
  pages     = {2254--2264},
  publisher = {Springer},
  doi       = {10.3758/bf03196699},
}

@InProceedings{Levitan2011measuring,
  author    = {Levitan, Rivka and Hirschberg, Julia},
  booktitle = {Interspeech},
  title     = {Measuring Acoustic-Prosodic Entrainment with Respect to Multiple Levels and Dimensions},
  year      = {2011},
  address   = {Florence, Italy},
  pages     = {3081--3084},
  url       = {http://www.isca-speech.org/archive/interspeech_2011/i11_3081.html},
}

@InProceedings{Gessinger2018pitch,
  author    = {Gessinger, Iona and Schweitzer, Antje and Andreeva, Bistra and Raveh, Eran and Möbius, Bernd and Steiner, Ingmar},
  booktitle = {Speech Prosody},
  title     = {Convergence of Pitch Accents in a Shadowing Task},
  year      = {2018},
  address   = {Poznań, Poland},
  month     = {9},
  doi       = {10.21437/SpeechProsody.2018-46},
  issn      = {2333-2042},
  url       = {https://www.isca-speech.org/archive/SpeechProsody_2018/abstracts/160.html},
}

@PhdThesis{Weise2017towards,
  author    = {Weise, Andreas},
  school    = {City University of New York},
  title     = {Towards a Spoken Dialog System Capable of Acoustic-prosodic Entrainment},
  year      = {2017},
}

@InProceedings{Stolcke2002SRILM,
  author    = {Stolcke, Andreas},
  booktitle = {Interspeech},
  title     = {{SRILM} -- An Extensible Language Modeling Toolkit},
  year      = {2002},
  address   = {Denver, CO, USA},
  pages     = {901--904},
  url       = {http://www.isca-speech.org/archive/icslp_2002/i02_0901.html},
}

@Article{Mitterer2013regional,
  author   = {Holger Mitterer and Jochen M\"usseler},
  journal  = {Attention, Perception, \& Psychophysics},
  title    = {Regional Accent Variation in the Shadowing Task: Evidence for a Loose Perception-Action Coupling in Speech},
  year     = {2013},
  number   = {3},
  pages    = {557--575},
  volume   = {75},
  doi      = {10.3758/s13414-012-0407-8},
}

@TechReport{Platt1998sequential,
  author      = {Platt, John},
  institution = {Microsoft},
  title       = {Sequential Minimal Optimization: A Fast Algorithm for Training Support Vector Machines},
  year        = {1998},
  number      = {MSR-TR-98-14},
  journal     = {Microsoft Technical Report},
  vol         = {208},
  pages       = {1--21},
}

@InCollection{Platt1999fast,
  author    = {Platt, John C},
  booktitle = {Advances in Kernel Methods},
  publisher = {MIT Press},
  title     = {Fast Training of Support Vector Machines Using Sequential Minimal Optimization},
  year      = {1999},
  month     = {2},
  editor    = {Burges, Christopher J. C. and Schölkopf, Bernhard and Smola, Alexander J.},
  pages     = {185--208},
  doi       = {10.1109/ISKE.2008.4731075},
}

@InCollection{Vapnik1998support,
  author    = {Vapnik, Vladimir},
  booktitle = {Nonlinear Modeling},
  publisher = {Springer},
  title     = {The Support Vector Method of Function Estimation},
  year      = {1998},
  editor    = {Suykens, Johan A. K. and Vandewalle, Joos},
  pages     = {55--85},
  doi       = {10.1007/978-1-4615-5703-6-3},
}

@InProceedings{Joachims2005support,
  author    = {Joachims, Thorsten},
  booktitle = {International Conference on Machine Learning ({ICML})},
  title     = {A Support Vector Method for Multivariate Performance Measures},
  year      = {2005},
  address   = {Bonn, Germany},
  pages     = {377--384},
  doi       = {10.1145/1102351.1102399},
}

@InProceedings{Porzel2006entrainment,
  author    = {Porzel, Robert and Scheffler, Annika and Malaka, Rainer},
  booktitle = {Effective Multimodal Dialogue Interfaces},
  title     = {How Entrainment Increases Dialogical Efficiency},
  year      = {2006},
  address   = {Sydney, Australia},
}

@InProceedings{Edlund2006twofaces,
  author    = {Edlund, Jens and Heldner, Mattias and Gustafson, Joakim},
  booktitle = {Workshop Dialogue on Dialogues: Multidisciplinary Evaluation of Advanced Speech-based Interactive Systems},
  title     = {Two Faces of Spoken Dialogue Systems},
  year      = {2006},
  address   = {Pittsburgh, PA},
}

@InProceedings{Carlson2006humanlike,
  author    = {Carlson, Rolf and Edlund, Jens and Heldner, Mattias and Hjalmarsson, A. and House, David and Skantze, G.},
  booktitle = {Swedish Language Technology Conference ({SLTC})},
  title     = {Towards Human-like Behaviour in Spoken Dialog Systems},
  year      = {2006},
  address   = {Gothenburg, Sweden},
}

@InCollection{Shepard2001CAT,
  author    = {Shepard, Carolyn~A. and Giles, Howard and Le Poire, Beth~A.},
  booktitle = {The New Handbook of Language and Social Psychology},
  publisher = {Wiley},
  title     = {Communication Accommodation Theory},
  year      = {2001},
  editor    = {Robinson, W. Peter and Giles, Howard},
  pages     = {33--56},
}

@Article{Giles2007CAT,
  author   = {Giles, Howard},
  journal  = {The International Encyclopedia of Communication Theory and Philosophy},
  title    = {Communication Accommodation Theory},
  year     = {2007},
  pages    = {1--7},
  doi      = {10.1002/9781118766804.wbiect056},
}

@Article{Gallois2015CAT,
  author   = {Gallois, Cindy and Giles, Howard},
  journal  = {The International Encyclopedia of Language and Social Interaction},
  title    = {Communication Accommodation Theory},
  year     = {2015},
  pages    = {1--18},
  doi      = {10.1002/9781118611463.wbielsi066},
}

@Article{Oviatt2004adaptive,
  author   = {Oviatt, Sharon and Darves, Courtney and Coulston, Rachel},
  journal  = {ACM Transactions on Computer-Human Interaction},
  title    = {Toward Adaptive Conversational Interfaces: Modeling Speech Convergence with Animated Personas},
  year     = {2004},
  number   = {3},
  pages    = {300--328},
  volume   = {11},
  doi      = {10.1145/1017494.1017498},
}

@Article{Pickering2004behavioral,
  author   = {Pickering, Martin J. and Garrod, Simon},
  journal  = {Behavioral and Brain Sciences},
  title    = {Toward a Mechanistic Psychology of Dialogue},
  year     = {2004},
  number   = {2},
  pages    = {169--190},
  volume   = {27},
  doi      = {10.1017/S0140525X04000056},
}

@Article{Kim2011phonetic,
  author   = {Kim, Midam and Horton, William S and Bradlow, Ann R},
  journal  = {Laboratory Phonology},
  title    = {Phonetic Convergence in Spontaneous Conversations as a Function of Interlocutor Language Distance},
  year     = {2011},
  number   = {1},
  pages    = {125--156},
  volume   = {2},
  doi      = {10.1515/labphon.2011.004},
}

@InCollection{Giles1991CAT,
  author    = {Giles, Howard and Coupland, Nikolas and Coupland, Justine},
  booktitle = {Contexts of Accommodation: Developments in Applied Sociolinguistics},
  publisher = {Cambridge University Press},
  title     = {Accommodation Theory: Communication, Context, and Consequence},
  year      = {1991},
  editor    = {Giles, Howard and Coupland, Justine and Coupland, Nikolas},
  pages     = {1--68},
  doi       = {10.1017/CBO9780511663673.001},
}

@Article{Giles1973mobility,
  author  = {Giles, Howard},
  title   = {Accent Mobility: A Model and Some Data},
  journal = {Anthropological Linguistics},
  year    = {1973},
  volume  = {15},
  number  = {2},
  pages   = {87--105},
  url     = {http://www.jstor.org/stable/30029508},
}

@InCollection{Bourhis1977distinctiveness,
  author    = {Bourhis, Richard Y and Giles, Howard},
  booktitle = {Language, Ethnicity, and Intergroup Relations},
  publisher = {Academic Press},
  title     = {The Language of Intergroup Distinctiveness},
  year      = {1977},
  address   = {London},
  editor    = {Giles, Howard},
  pages     = {119--135},
}

@Article{Pardo2013measuring,
  author   = {Pardo, Jennifer},
  journal  = {Frontiers in Psychology},
  title    = {Measuring Phonetic Convergence in Speech Production},
  year     = {2013},
  number   = {559},
  pages    = {1--5},
  volume   = {4},
  doi      = {10.3389/fpsyg.2013.00559},
}

@Article{Nielsen2011specificity,
  author   = {Nielsen, Kuniko},
  journal  = {Journal of Phonetics},
  title    = {Specificity and Abstractness of {VOT} Imitation},
  year     = {2011},
  number   = {2},
  pages    = {132--142},
  volume   = {39},
  doi      = {10.1016/j.wocn.2010.12.007},
}

@InProceedings{Schweitzer2016exemplar,
  author    = {Schweitzer, Antje and Walsh, Michael},
  booktitle = {Interspeech},
  title     = {Exemplar Dynamics in Phonetic Convergence of Speech Rate},
  year      = {2016},
  address   = {San Francisco, CA, USA},
  pages     = {2100--2104},
  doi       = {10.21437/Interspeech.2016-373},
}

@Article{Putman1984conception,
  author   = {Putman, William B and Street, Richard L},
  journal  = {International Journal of the Sociology of Language},
  title    = {The Conception and Perception of Noncontent Speech Performance: Implications for Speech-accommodation Theory},
  year     = {1984},
  number   = {46},
  pages    = {97--114},
  volume   = {1984},
  doi      = {10.1515/ijsl.1984.46.97},
}

@InProceedings{Schweitzer2017visibility,
  author    = {Schweitzer, Katrin and Walsh, Michael and Schweitzer, Antje},
  title     = {To See or Not to See: Interlocutor Visibility and Likeability Influence Convergence in Intonation},
  booktitle = {Interspeech},
  year      = {2017},
  pages     = {919--923},
  address   = {Stockholm, Sweden},
  doi       = {10.21437/Interspeech.2017-1248},
}

@Article{Natale1975convergence,
  author   = {Natale, Michael},
  journal  = {Journal of Personality and Social Psychology},
  title    = {Convergence of Mean Vocal Intensity in Dyadic Communication as a Function of Social Desirability},
  year     = {1975},
  number   = {5},
  pages    = {790--804},
  volume   = {32},
  doi      = {10.1037/0022-3514.32.5.790},
}

@InProceedings{Michalsky2017pitch,
  author    = {Michalsky, Jan and Schoormann, Heike},
  booktitle = {Interspeech},
  title     = {Pitch Convergence as an Effect of Perceived Attractiveness and Likability},
  year      = {2017},
  address   = {Stockholm, Sweden},
  pages     = {2253--2256},
  doi       = {10.21437/Interspeech.2017-1520},
}

@Article{Walker2015repeat,
  author   = {Walker, Abby and Campbell-Kibler, Kathryn},
  journal  = {Frontiers in Psychology},
  title    = {Repeat What After Whom? {E}xploring Variable Selectivity in a Cross-Dialectal Shadowing Task},
  year     = {2015},
  number   = {546},
  pages    = {1--18},
  volume   = {6},
  doi      = {10.3389/fpsyg.2015.00546},
}

@Article{Pardo2017phonetic,
  author   = {Pardo, Jennifer S and Urmanche, Adelya and Wilman, Sherilyn and Wiener, Jaclyn},
  journal  = {Attention, Perception, \& Psychophysics},
  title    = {Phonetic Convergence Across Multiple Measures and Model Talkers},
  year     = {2017},
  number   = {2},
  pages    = {637--659},
  volume   = {79},
  doi      = {10.3758/s13414-016-1226-0},
}

@Article{Dias2016visibilivty,
  author   = {Dias, James W and Rosenblum, Lawrence D},
  journal  = {Attention, Perception, \& Psychophysics},
  title    = {Visibility of Speech Articulation Enhances Auditory Phonetic Convergence},
  year     = {2016},
  number   = {1},
  pages    = {317--333},
  volume   = {78},
  doi      = {10.3758/s13414-015-0982-6},
}

@InProceedings{Lopes2011primes,
  author    = {Lopes, Jos{\'e} and Eskenazi, Maxine and Trancoso, Isabel},
  booktitle = {Automatic Speech Recognition and Understanding},
  title     = {Towards Chosing Better Primes for Spoken Dialog Systems},
  year      = {2011},
  address   = {Waikoloa, HI, USA},
  pages     = {306--311},
  doi       = {10.1109/ASRU.2011.6163949},
}

@InProceedings{Nenkova2008high,
  author    = {Nenkova, Ani and Gravano, Agustin and Hirschberg, Julia},
  booktitle = {Human Language Technologies},
  title     = {High Frequency Word Entrainment in Spoken Dialogue},
  year      = {2008},
  address   = {Columbus, OH, USA},
  pages     = {169--172},
  url       = {http://aclweb.org/anthology/P08-2043},
}

@InProceedings{Parent2010lexical,
  author    = {Parent, Gabriel and Eskenazi, Maxine},
  booktitle = {Interspeech},
  title     = {Lexical Entrainment of Real Users in the {L}et's {G}o Spoken Dialog System},
  year      = {2010},
  address   = {Makuhari, Chiba, Japan},
  pages     = {3018--3021},
  url       = {http://www.isca-speech.org/archive/interspeech_2010/i10_3018.html},
}

@InProceedings{Raux2005letsgo,
  author    = {Raux, Antoine and Langner, Brian and Bohus, Dan and Black, Alan W and Eskenazi, Maxine},
  booktitle = {Interspeech},
  title     = {{L}et's {G}o {P}ublic! Taking a Spoken Dialog System to the Real World},
  year      = {2005},
  address   = {Lisbon, Portugal},
  pages     = {885--888},
  url       = {http://www.isca-speech.org/archive/interspeech_2005/i05_0885.html},
}

@InProceedings{Gasic2013policy,
  author    = {Ga{\v{s}}i{\'c}, Milica and Breslin, Catherine and Henderson, Matthew and Kim, Dongho and Szummer, Martin and Thomson, Blaise and Tsiakoulis, Pirros and Young, Steve},
  booktitle = {Acoustics, Speech and Signal Processing (ICASSP)},
  title     = {On-line Policy Optimisation of {B}ayesian Spoken Dialogue Systems Via Human Interaction},
  year      = {2013},
  address   = {Vancouver, BC, Canada},
  pages     = {8367--8371},
  doi       = {10.1109/ICASSP.2013.6639297},
}

@Article{Levin2000stochastic,
  author   = {Levin, Esther and Pieraccini, Roberto and Eckert, Wieland},
  journal  = {IEEE Transactions on Speech and Audio Processing},
  title    = {A Stochastic Model of Human-Machine Interaction for Learning Dialog Strategies},
  year     = {2000},
  number   = {1},
  pages    = {11--23},
  volume   = {8},
  doi      = {10.1109/89.817450},
}

@PhdThesis{Levitan2014acoustic,
  author    = {Levitan, Rivka},
  school    = {Columbia University},
  title     = {Acoustic-Prosodic Entrainment in Human-Human and Human-Computer Dialogue},
  year      = {2014},
  address   = {New York, NY, USA},
  doi       = {10.7916/D8GT5KCH},
}

@InProceedings{Bell2003prosodic,
  author    = {Bell, Linda and Gustafson, Joakim and Heldner, Mattias},
  booktitle = {International Congress of Phonetic Sciences ({ICPhS})},
  title     = {Prosodic Adaptation in Human-Computer Interaction},
  year      = {2003},
  address   = {Barcelona},
  pages     = {2453--2456},
  url       = {https://www.internationalphoneticassociation.org/icphs-proceedings/ICPhS2003/p15_2453.html},
}

@InProceedings{Coulston2002amplitude,
  author    = {Coulston, Rachel and Oviatt, Sharon and Darves, Courtney},
  booktitle = {Interspeech},
  title     = {Amplitude Convergence in Children's Conversational Speech with Animated Personas},
  year      = {2002},
  address   = {Denver, CO, USA},
  pages     = {2689--2692},
  url       = {http://www.isca-speech.org/archive/icslp_2002/i02_2689.html},
}

@Misc{Boersma2018praat,
  author = {Boersma, Paul},
  title  = {Praat: Doing Phonetics by Computer},
  year   = {2018},
  url    = {http://praat.org/},
}

@InProceedings{Lison2016opendial,
  author    = {Lison, Pierre and Kennington, Casey},
  booktitle = {Annual Meeting of the Association for Computational Linguistics},
  title     = {{OpenDial}: A toolkit for Developing Spoken Dialogue Systems with Probabilistic Rules},
  year      = {2016},
  address   = {Berlin, Germany},
  pages     = {67--72},
  url       = {http://aclweb.org/anthology/P16-4012},
}

@InProceedings{Lison2015developing,
  author    = {Lison, Pierre and Kennington, Casey},
  booktitle = {Semantics and Pragmatics of Dialogue ({SemDial})},
  title     = {Developing Spoken Dialogue Systems with the {OpenDial} Toolkit},
  year      = {2015},
  address   = {Gothenburg, Sweden},
  pages     = {194--195},
  url       = {http://semdial.org/anthology/Z15-Lison_semdial_0039.pdf},
}

@InProceedings{Lamere2003sphinx,
  author    = {Lamere, Paul and Kwok, Philip and Gouvea, Evandro and Raj, Bhiksha and Singh, Rita and Walker, William and Warmuth, Manfred and Wolf, Peter},
  booktitle = {Acoustics, Speech and Signal Processing ({ICASSP})},
  title     = {The {CMU} {SPHINX-4} Speech Recognition System},
  year      = {2003},
  address   = {Hong Kong},
  pages     = {2--5},
  volume    = {1},
  url       = {http://mlsp.cs.cmu.edu/people/rsingh/papers_old/icassp03-sphinx4_2.pdf},
}

@Article{Schroeder2003mary,
  author   = {Schröder, Marc and Trouvain, Jürgen},
  journal  = {International Journal of Speech Technology},
  title    = {The {G}erman Text-to-Speech Synthesis System {MARY}: A Tool for Research, Development and Teaching},
  year     = {2003},
  number   = {4},
  pages    = {365--377},
  volume   = {6},
  doi      = {10.1023/A:1025708916924},
}

@InProceedings{LeMaguer2017uprooted,
  author    = {{Le Maguer}, S{\'e}bastien and Steiner, Ingmar},
  booktitle = {Blizzard Challenge},
  title     = {The ``Uprooted'' {MaryTTS} Entry for the {B}lizzard {C}hallenge 2017},
  year      = {2017},
  address   = {Stockholm, Sweden},
  url       = {http://festvox.org/blizzard/bc2017/MaryTTS_Blizzard2017.pdf},
}

@Article{Babel2010dialect,
  author   = {Babel, Molly},
  journal  = {Language in Society},
  title    = {Dialect Divergence and Convergence in {N}ew {Z}ealand {E}nglish},
  year     = {2010},
  pages    = {437--456},
  volume   = {39},
  doi      = {10.1017/S0047404510000400},
}

@InProceedings{bawa2018accommodation,
  author    = {Bawa, Anshul and Choudhury, Monojit and Bali, Kalika},
  title     = {Accommodation of Conversational Code-Choice},
  booktitle = {Proceedings of the Third Workshop on Computational Approaches to Linguistic Code-Switching},
  year      = {2018},
  pages     = {82--91},
  doi       = {10.18653/v1/W18-3210},
}

@InProceedings{hu2018modeling,
  author    = {Hu, Zhichao and Tree, Jean Fox and Walker, Marilyn},
  booktitle = {SIGdial},
  title     = {Modeling Linguistic and Personality Adaptation for Natural Language Generation},
  year      = {2018},
  pages     = {20--31},
  doi       = {10.18653/v1/W18-5003},
}

@InProceedings{Kageyama2018improving,
  author    = {Kageyama, Yukiko and Chiba, Yuya and Nose, Takashi and Ito, Akinori},
  booktitle = {SIGdial},
  title     = {Improving User Impression in Spoken Dialog System with Gradual Speech Form Control},
  year      = {2018},
  pages     = {235--240},
  doi       = {10.18653/v1/W18-5026},
}

@Article{Davies1990positioning,
  author    = {Davies, Bronwyn and Harr{\'e}, Rom},
  journal   = {Journal for the Theory of Social Behaviour},
  title     = {Positioning: The Discursive Production of Selves},
  year      = {1990},
  number    = {1},
  pages     = {43--63},
  volume    = {20},
  publisher = {Wiley Online Library},
  doi       = {10.1111/j.1468-5914.1990.tb00174.x},
}

@InProceedings{Walther2015towards,
  author    = {Walther, Mathias and Neuber, Baldur and Jokisch, Oliver and Mellouli, Taieb},
  booktitle = {SLaTE},
  title     = {Towards a Conversational Expert System for Rhetorical and Vocal Quality Assessment in Call Center Talks},
  year      = {2015},
  pages     = {29--34},
}

@Article{SilberVarod2018human,
  author  = {Silber-Varod, Vered},
  title   = {Is Human-Human Spoken Interaction Manageable? The Emergence of the Concept ``Conversation Intelligence''},
  journal = {Online Journal of Applied Knowledge Management ({OJAKM})},
  year    = {2018},
  doi     = {10.36965/OJAKM.2018.6(1)1-14},
}

@Article{Chartrand1999chameleon,
  author    = {Chartrand, Tanya L and Bargh, John A},
  journal   = {Journal of Personality and Social Psychology},
  title     = {The Chameleon Effect: The Perception -- Behavior Link and Social Interaction},
  year      = {1999},
  number    = {6},
  pages     = {893},
  volume    = {76},
  publisher = {American Psychological Association},
  doi       = {10.1037/0022-3514.76.6.893},
}

@Article{Gueguen2009mimicry,
  author   = {Gueguen, Nicolas and Jacob, Celine and Martin, Angelique},
  journal  = {European Journal of Social Sciences},
  title    = {Mimicry in Social Interaction: Its Effect on Human Judgment and Behavior},
  year     = {2009},
  number   = {2},
  pages    = {253--259},
  volume   = {8},
  doi      = {10.1007/978-1-4419-1428-6_1798},
}

@Article{Parrill2006seeing,
  author    = {Parrill, Fey and Kimbara, Irene},
  journal   = {Journal of Nonverbal Behavior},
  title     = {Seeing and Hearing Double: The Influence of Mimicry in Speech and Gesture on Observers},
  year      = {2006},
  number    = {4},
  pages     = {157},
  volume    = {30},
  publisher = {Springer},
  doi       = {10.1007/s10919-006-0014-2},
}

@InProceedings{Sun2011automatic,
  author       = {Sun, Xiaofan and Nijholt, Anton and Truong, Khiet P and Pantic, Maja},
  booktitle    = {Computer Vision and Pattern Recognition Workshops ({CVPRW})},
  title        = {Automatic Visual Mimicry Expression Analysis in Interpersonal Interaction},
  year         = {2011},
  organization = {IEEE Computer Society},
  pages        = {40--46},
  doi          = {10.1109/CVPRW.2011.5981812},
}

@InProceedings{Scissors2008linguistic,
  author       = {Scissors, Lauren E and Gill, Alastair J and Gergle, Darren},
  title        = {Linguistic Mimicry and Trust in Text-Based {CMC}},
  booktitle    = {Computer Supported Cooperative Work},
  year         = {2008},
  pages        = {277--280},
  organization = {ACM},
  doi          = {10.1145/1460563.1460608},
}

@Article{Swaab2011early,
  author    = {Swaab, Roderick I and Maddux, William W and Sinaceur, Marwan},
  title     = {Early Words That Work: When and How Virtual Linguistic Mimicry Facilitates Negotiation Outcomes},
  journal   = {Journal of Experimental Social Psychology},
  year      = {2011},
  volume    = {47},
  number    = {3},
  pages     = {616--621},
  publisher = {Elsevier},
  doi       = {10.1016/j.jesp.2011.01.005},
}

@InProceedings{Liu2010coherent,
  author       = {Liu, Yang and Zhao, Wan-Lei and Ngo, Chong-Wah and Xu, Chang-Sheng and Lu, Han-Qing},
  title        = {Coherent Bag of Audio Words Model for Efficient Large-Scale Video Copy Detection},
  booktitle    = {Image and Video Retrieval},
  year         = {2010},
  month        = {7},
  pages        = {89--96},
  organization = {ACM},
  doi          = {10.1145/1816041.1816057},
}

@InProceedings{Schmitt2016border,
  author    = {Schmitt, Maximilian and Ringeval, Fabien and Schuller, Bj{\"o}rn W},
  title     = {At the Border of Acoustics and Linguistics: Bag-of-Audio-Words for the Recognition of Emotions in Speech},
  booktitle = {Interspeech},
  year      = {2016},
  pages     = {495--499},
  doi       = {10.21437/Interspeech.2016-1124},
}

@Article{Branigan2010linguistic,
  author  = {Branigan, Holly P and Pickering, Martin J and Pearson, Jamie and McLean, Janet F},
  title   = {Linguistic Alignment Between People and Computers},
  journal = {Journal of Pragmatics},
  year    = {2010},
  volume  = {42},
  number  = {9},
  pages   = {2355--2368},
  doi     = {10.1016/j.pragma.2009.12.012},
}

@InProceedings{Benus2018prosodic,
  author    = {Be{\v{n}}u{\v{s}}, {\v{S}}tefan and Trnka, Marian and Kuric, Eduard and Mart{\'a}k, Luk{\'a}{\v{s}} and Gravano, Agust{\'\i}n and Hirschberg, Julia and Levitan, Rivka},
  title     = {Prosodic Entrainment and Trust in Human-Computer Interaction},
  booktitle = {International Conference on Speech Prosody},
  year      = {2018},
  pages     = {220--224},
  address   = {Pozna{\'n}},
  doi       = {10.21437/SpeechProsody.2018-45},
}

@Book{Glaser2016conversational,
  title     = {Conversational Intelligence: How Great Leaders Build Trust and Get Extraordinary Results},
  publisher = {Routledge},
  year      = {2016},
  author    = {Glaser, Judith E},
  ISBN      = {978-1629561431},
}

@Article{Abarbanel1993local,
  author  = {Abarbanel, Henry DI and Kennel, Matthew B},
  title   = {Local False Nearest Neighbors and Dynamical Dimensions from Observed Chaotic Data},
  journal = {Physical Review E},
  year    = {1993},
  volume  = {47},
  number  = {5},
  pages   = {3057},
  doi     = {10.1103/PhysRevE.47.3057},
}

@InProceedings{Bailly2010speech,
  author    = {Bailly, G{\'e}rard and Lelong, Am{\'e}lie},
  title     = {Speech Dominoes and Phonetic Convergence},
  booktitle = {Interspeech},
  year      = {2010},
  pages     = {1153--1156},
  url       = {https://www.isca-speech.org/archive/interspeech_2010/i10_1153.html},
}

@Article{Borrie2019syncing,
  author    = {Borrie, Stephanie A and Barrett, Tyson S and Willi, Megan M and Berisha, Visar},
  title     = {Syncing Up for a Good Conversation: A Clinically Meaningful Methodology for Capturing Conversational Entrainment in the Speech Domain},
  journal   = {Journal of Speech, Language, and Hearing Research},
  year      = {2019},
  pages     = {1--14},
  doi       = {10.3886/E102720V2},
  publisher = {ASHA},
}

@Article{Coco2014crqa-r,
  author    = {Coco, Moreno I and Dale, Rick},
  title     = {Cross-Recurrence Quantification Analysis of Categorical and Continuous Time Series: An {R} Package},
  journal   = {Frontiers in Psychology},
  year      = {2014},
  volume    = {5},
  pages     = {510},
  doi       = {10.3389/fpsyg.2014.00510},
  publisher = {Frontiers},
}

@Article{Duran2017conversing,
  author    = {Duran, Nicholas D and Fusaroli, Riccardo},
  title     = {Conversing with a Devil's Advocate: Interpersonal Coordination in Deception and Disagreement},
  journal   = {PloS one},
  year      = {2017},
  volume    = {12},
  number    = {6},
  pages     = {e0178140},
  doi       = {10.1371/journal.pone.0178140},
  publisher = {Public Library of Science},
}

@Book{Gladwell2006tipping,
  title     = {The Tipping Point: How Little Things Can Make a Big Difference},
  publisher = {Little, Brown},
  year      = {2006},
  author    = {Gladwell, Malcolm},
  doi       = {10.1177/107769580105500412},
}

@Article{Kennel1992determining,
  author  = {Kennel, Matthew B and Brown, Reggie and Abarbanel, Henry DI},
  title   = {Determining Embedding Dimension for Phase-Space Reconstruction Using a Geometrical Construction},
  journal = {Physical review A},
  year    = {1992},
  volume  = {45},
  number  = {6},
  pages   = {3403},
  doi     = {10.1103/PhysRevA.45.3403},
}

@Article{Kovac2017its,
  author  = {Kovac, Mark and Frick, Jonathan},
  title   = {It's 10 AM. Do You Know What Your Sales Reps Are Doing?},
  journal = {Harvard Business Review},
  year    = {2017},
  url     = {https://hbr.org/2017/03/its-10-am-do-you-know-what-your-sales-reps-are-doing},
}

@Article{Martin2017six,
  author  = {Martin, W. Steve},
  title   = {6 Reasons Salespeople Win or Lose a Sale},
  journal = {Harvard Business Review},
  year    = {2017},
  url     = {https://hbr.org/2017/06/6-reasons-salespeople-win-or-lose-a-sale},
}

@Article{Marwan2007recurrence,
  author    = {Marwan, Norbert and Romano, M Carmen and Thiel, Marco and Kurths, J{\"u}rgen},
  title     = {Recurrence Plots for the Analysis of Complex Systems},
  journal   = {Physics Reports},
  year      = {2007},
  volume    = {438},
  number    = {5-6},
  pages     = {237--329},
  doi       = {10.1016/j.physrep.2006.11.001},
  publisher = {Elsevier},
}

@Electronic{Orlob2018nine,
  author = {Orlob, Chris},
  year   = {2018},
  title  = {9 Secret Elements of Highly Effective Sales Conversations},
  url    = {https://www.gong.io/blog/elements-of-effective-sales-conversations/},
}

@Article{Orlob2018roi,
  author = {Orlob, Chris},
  title  = {{ROI} In Sales Is Dead. Great Salespeople Are Doing This Now Instead},
  year   = {2019},
  url    = {https://www.gong.io/blog/sales-roi/},
}

@InProceedings{Rahimi2018weighting,
  author    = {Rahimi, Zahra and Litman, Diane},
  booktitle = {SIGdial},
  title     = {Weighting Model Based on Group Dynamics to Measure Convergence in Multi-party Dialogue},
  year      = {2018},
  pages     = {385--390},
  publisher = {Association for Computational Linguistics},
  url       = {http://www.aclweb.org/anthology/W18-5046},
}

@Article{Wallot2018analyzing,
  author  = {Wallot, Sebastian and Leonardi, Giuseppe},
  title   = {Analyzing Multivariate Dynamics Using Cross-Recurrence Quantification Analysis ({CRQA}), Diagonal-Cross-Recurrence Profiles ({DCRP}), and Multidimensional Recurrence Quantification Analysis ({MdRQA}) -- A tutorial in {R}},
  journal = {Frontiers in Psychology},
  year    = {2018},
  volume  = {9},
  pages   = {2232},
  doi     = {doi:10.3389/fpsyg.2018.02232},
}

@Article{Webber2005recurrence,
  author  = {Webber Jr, Charles L and Zbilut, Joseph P},
  title   = {Recurrence Quantification Analysis of Nonlinear Dynamical Systems},
  journal = {Tutorials in Contemporary Nonlinear Methods for the Behavioral Sciences},
  year    = {2005},
  volume  = {94},
  pages   = {26--94},
  doi     = {10.1007/978-3-319-07155-8},
}

@Article{Wilcoxon1945individual,
  author  = {Wilcoxon, Frank},
  title   = {Individual Comparisons by Ranking Methods},
  journal = {Biometrics Bulletin},
  year    = {1945},
  volume  = {1},
  number  = {6},
  pages   = {80--83},
  doi     = {10.2307/3001968},
}

@Article{Yohn2016best,
  author  = {Yohn, Denise Lee},
  title   = {The Best Salespeople Do What the Best Brands Do},
  journal = {Harvard Business Review},
  year    = {2016},
  url     = {https://hbr.org/2016/08/the-best-salespeople-do-what-the-best-brands-do},
}

@Article{Zbilut1998detecting,
  author  = {Zbilut, Joseph P and Giuliani, Alessandro and Webber Jr, Charles L},
  title   = {Detecting Deterministic Signals in Exceptionally Noisy Environments Using Cross-Recurrence Quantification},
  journal = {Physics Letters A},
  year    = {1998},
  volume  = {246},
  number  = {1-2},
  pages   = {122--128},
  doi     = {10.1016/S0375-9601(98)00457-5},
}

@Article{Cleveland1988locally,
  author  = {Cleveland, William S and Devlin, Susan J},
  title   = {Locally Weighted Regression: An Approach to Regression Analysis by Local Fitting},
  journal = {Journal of the American Statistical Association},
  year    = {1988},
  volume  = {83},
  number  = {403},
  pages   = {596--610},
  doi     = {10.1080/01621459.1988.10478639},
}

@Article{DeJong2009arcitulcationrate,
  author  = {De Jong, Nivja H and Wempe, Ton},
  title   = {Praat Script to Detect Syllable Nuclei and Measure Speech Rate Automatically},
  journal = {Behavior Research Methods},
  year    = {2009},
  volume  = {41},
  number  = {2},
  pages   = {385--390},
  month   = may,
  doi     = {10.3758/BRM.41.2.385},
}

@Electronic{Dickey2017echo,
  author    = {Megan Rose Dickey},
  month     = dec,
  year      = {2017},
  title     = {The {Echo} {Dot} Was the Best-Selling Product on All of {Amazon} This Holiday Season},
  url       = {https://techcrunch.com/2017/12/26/the-echo-dot-was-the-best-selling-product-on-all-of-amazon-this-holiday-season/},
  publisher = {TechCrunch},
}

@Article{Gregory1993Voice,
  author  = {Gregory, S. and Webster, S. and Huang, G.},
  title   = {Voice Pitch And Amplitude Convergence as a Metric of Quality In Dyadic Interviews},
  journal = {Language \& Communication},
  year    = {1993},
  volume  = {13},
  number  = {3},
  pages   = {195--217},
  doi     = {10.1016/0271-5309(93)90026-J},
}

@InProceedings{Kinsella2018amazon,
  author    = {Bret Kinsella},
  title     = {{A}mazon {E}cho Device Sales Break New Records, {A}lexa Tops Free App Downloads for i{OS} and {A}ndroid, and {A}lexa Down in {E}urope on {C}hristmas Morning},
  year      = {2018},
  month     = dec,
  publisher = {voicebot.ai},
  url       = {https://voicebot.ai/2018/12/26/amazon-echo-device-sales-break-new-records-alexa-tops-free-app-downloads-for-ios-and-android-and-alexa-down-in-europe-on-christmas-morning},
}

@Electronic{Kleinberg2018ways,
  author = {Sara Kleinberg},
  month  = jan,
  year   = {2018},
  title  = {5 Ways Voice Assistance Is Shaping Consumer Behavior},
  url    = {https://www.thinkwithgoogle.com/_qs/documents/5604/1178-CES-Voice-Research-PDF.pdf},
}

@Electronic{Osborne2016why,
  author    = {Joe Osborne},
  month     = jul,
  year      = {2016},
  title     = {Why 100 Million Monthly {Cortana} Users on {Windows} 10 Is a Big Deal},
  url       = {https://www.techradar.com/news/software/operating-systems/why-100-million-monthly-cortana-users-could-be-a-bigger-deal-than-350-million-windows-10-installs-1325146},
  publisher = {TechRadar},
}

@InProceedings{Siegert2018VACC,
  author    = {Siegert, Ingo and Krüger, Julia and Egorow, Olga and Nietzold, Jannik and Heinemann, Ralph and Lotz, Alicia},
  title     = {{V}oice {A}ssistant {C}onversation {C}orpus ({VACC}): A Multi-Scenario Dataset for Addressee Detection in Human-Computer-Interaction using {A}mazon's {Alexa}},
  booktitle = {Workshop on Language and Body in Real Life \& Multimodal Corpora},
  year      = {2018},
  address   = {Miyazaki, Japan},
  month     = may,
  url       = {http://lrec-conf.org/workshops/lrec2018/W20/pdf/13_W20.pdf},
}

@InProceedings{Silber-Varod2018prosodic,
  author    = {Silber-Varod, Vered and Lerner, Anat and Jokisch, Oliver},
  title     = {Prosodic Plot of Dialogues: A Conceptual Framework to Trace Speakers' Role},
  booktitle = {International Conference on Speech and Computer},
  year      = {2018},
  pages     = {636--645},
  month     = sep,
  doi       = {10.1007/978-3-319-99579-3_65},
}

@InProceedings{Shriberg2013addressee,
  author    = {Shriberg, Elizabeth and Stolcke, Andreas and Ravuri, Suman},
  title     = {Addressee Detection for Dialog Systems Using Temporal and Spectral Dimensions of Speaking Style},
  booktitle = {Interspeech},
  year      = {2013},
  pages     = {2559--2563},
  address   = {Lyon, France},
  month     = aug,
  url       = {https://www.isca-speech.org/archive/interspeech_2013/i13_2559.html},
}

@InProceedings{vanTurnhout2005identifying,
  author    = {van Turnhout, Koen and Terken, Jacques and Bakx, Ilse and Eggen, Berry},
  title     = {Identifying the Intended Addressee in Mixed Human-Human and Human-Computer Interaction from Non-Verbal Features},
  booktitle = {Multimodal Interfaces ({ICMI})},
  year      = {2005},
  pages     = {175--182},
  address   = {Trento, Italy},
  month     = oct,
  doi       = {10.1145/1088463.1088495},
}

@InProceedings{Schweitzer2017social,
  author    = {Schweitzer, Antje and Lewandowski, Natalie and Duran, Daniel},
  title     = {Social Attractiveness in Dialogs},
  booktitle = {Interspeech},
  year      = {2017},
  pages     = {2243--2247},
  doi       = {10.21437/Interspeech.2017-833},
}

@InProceedings{Levitan2013entrainment,
  author    = {Levitan, Rivka},
  title     = {Entrainment in Spoken Dialogue Systems: Adopting, Predicting and Influencing User Behavior},
  booktitle = {NAACL HLT Student Research Workshop},
  year      = {2013},
  pages     = {84--90},
  url       = {https://citeseerx.ist.psu.edu/viewdoc/download?doi=10.1.1.378.6069&rep=rep1&type=pdf},
}

@Article{Zbilut1992embeddings,
  author    = {Zbilut, Joseph P and Webber Jr, Charles L},
  title     = {Embeddings and Delays as Derived from Quantification of Recurrence Plots},
  journal   = {Physics letters A},
  year      = {1992},
  volume    = {171},
  number    = {3-4},
  pages     = {199--203},
  doi       = {10.1016/0375-9601(92)90426-M},
  publisher = {Elsevier},
}

@Article{Marwan2002cross,
  author  = {Marwan, Norbert and Thiel, Marco and Nowaczyk, Norbert R},
  title   = {Cross Recurrence Plot Based Synchronization of Time Series},
  journal = {arXiv preprint},
  year    = {2002},
  doi     = {10.5194/npg-9-325-2002},
}

@Article{Babel2012role,
  author    = {Babel, Molly and Bulatov, Dasha},
  journal   = {Language and Speech},
  title     = {The Role of Fundamental Frequency in Phonetic Accommodation},
  year      = {2012},
  address   = {London, England},
  number    = {2},
  pages     = {231--248},
  volume    = {55},
  doi       = {10.1177/0023830911417695},
  publisher = {Sage Publications Sage UK},
}

@Article{Bulatov2009effect,
  author  = {Bulatov, Dasha},
  journal = {UC Berkeley PhonLab Annual Report},
  title   = {The Effect of Fundamental Frequency on Phonetic Convergence},
  year    = {2009},
  number  = {5},
  volume  = {5},
  url     = {https://escholarship.org/uc/item/2w68f1c6},
}

@InProceedings{Schweitzer2013convergence,
  author    = {Schweitzer, Antje and Lewandowski, Natalie},
  booktitle = {Interspeech},
  title     = {Convergence of Articulation Rate in Spontaneous Speech},
  year      = {2013},
  address   = {Lyon, France},
  pages     = {525--529},
  doi       = {10.1.1.394.4806},
}

@InProceedings{Staum2010virtually,
  author       = {Staum Casasanto, Laura and Jasmin, Kyle and Casasanto, Daniel},
  booktitle    = {Cognitive Science Society ({CogSci})},
  title        = {Virtually Accommodating: Speech Rate Accommodation to a Virtual Interlocutor},
  year         = {2010},
  organization = {Cognitive Science Society},
  pages        = {127--132},
  url          = {https://pure.mpg.de/rest/items/item_458220/component/file_529234/content},
}

@Article{Gijssels2016speech,
  author    = {Gijssels, Tom and Casasanto, Laura Staum and Jasmin, Kyle and Hagoort, Peter and Casasanto, Daniel},
  journal   = {Discourse Processes},
  title     = {Speech Accommodation Without Priming: The Case of Pitch},
  year      = {2016},
  number    = {4},
  pages     = {233--251},
  volume    = {53},
  doi       = {10.1080/0163853X.2015.1023965},
  publisher = {Taylor \& Francis},
}

@InCollection{Rahimi2019acoustic,
  author    = {Rahimi, Zahra and Litman, Diane and Paletz, Susannah},
  booktitle = {Advanced Social Interaction with Agents},
  publisher = {Springer},
  title     = {Acoustic-Prosodic Entrainment in Multi-party Spoken Dialogues: Does Simple Averaging Extend Existing Pair Measures Properly?},
  year      = {2019},
  pages     = {169--177},
  doi       = {10.21437/Interspeech.2017-1568},
  url       = {http://people.cs.pitt.edu/~litman/RahimiChapter.pdf},
}

@InProceedings{Foster2012two,
  author    = {Foster, Mary Ellen and Gaschler, Andre and Giuliani, Manuel and Isard, Amy and Pateraki, Maria and Petrick, Ronald PA},
  booktitle = {Multimodal Interaction},
  title     = {Two People Walk into a Bar: Dynamic Multi-Party Social Interaction with a Robot Agent},
  year      = {2012},
  pages     = {3--10},
  doi       = {10.1145/2388676.2388680},
  url       = {https://dl.acm.org/doi/pdf/10.1145/2388676.2388680},
}

@InProceedings{Traum2002embodied,
  author    = {Traum, David and Rickel, Jeff},
  booktitle = {Autonomous Agents and Multiagent Systems},
  title     = {Embodied Agents for Multi-Party Dialogue in Immersive Virtual Worlds},
  year      = {2002},
  pages     = {766--773},
  doi       = {10.1145/544862.544922},
}

@Article{Ibrahim2019fundamental,
  author  = {Ibrahim, Omnia and Skantze, Gabriel and Stoll, Sabine and Dellwo, Volker},
  journal = {Interactions},
  title   = {Fundamental Frequency Accommodation in Multi-Party Human-Robot Game Interactions: The Effect of Winning or Losing},
  year    = {2019},
  pages   = {21},
  volume  = {20},
  doi     = {10.21437/Interspeech.2019-2496},
}

@InProceedings{Jonel2018Farmi,
  author    = {Jonell, Patrik and Bystedt, Mattias and Fallgren, Per and Kontogiorgos, Dimosthenis and Lopes, Jos\'{e} and Malisz, Zofia and Mascarenhas, Samuel and Oertel, Catharine and Raveh, Eran and Shore, Todd},
  booktitle = {Language Resources and Evaluation Conference ({LREC})},
  title     = {{FARMI}: A {F}r{A}mework for {R}ecording {M}ulti-Modal {I}nteractions},
  year      = {2018},
  address   = {Miyazaki, Japan},
  month     = {5},
  url       = {http://www.lrec-conf.org/proceedings/lrec2018/pdf/713.pdf},
}

@InProceedings{Raveh2019ESSV,
  author    = {Raveh, Eran and Steiner, Ingmar and Siegert, Ingo and Gessinger, Iona and M{\"o}bius, Bernd},
  booktitle = {Electronic Speech Signal Processing ({ESSV})},
  title     = {Comparing Phonetic Changes in Computer-Directed and Human-Directed Speech},
  year      = {2019},
  address   = {Dresden, Germany},
  publisher = {TUDpress},
  month     = mar,
  pages     = {42--49},
}

@InProceedings{Raveh2019InterspeechAlexa,
  author    = {Raveh, Eran and Siegert, Ingo and Steiner, Ingmar and Gessinger, Iona and M{\"o}bius, Bernd},
  title     = {Three's a Crowd? Effects of a Second Human on Vocal Accommodation with a Voice Assistant},
  booktitle = {Interspeech},
  year      = {2019},
  pages     = {4005--4009},
  address   = {Graz, Austria},
  month     = sep,
  doi       = {10.21437/Interspeech.2019-1825},
}

@Article{DeLooze2014investigating,
  author    = {De Looze, C{\'e}line and Scherer, Stefan and Vaughan, Brian and Campbell, Nick},
  journal   = {Speech Communication},
  title     = {Investigating Automatic Measurements of Prosodic Accommodation and Its Dynamics in Social Interaction},
  year      = {2014},
  pages     = {11--34},
  volume    = {58},
  doi       = {10.1016/j.specom.2013.10.002},
  publisher = {Elsevier},
}

@InProceedings{Xiao2015analyzing,
  author    = {Xiao, Bo and Imel, Zac E and Atkins, David C and Georgiou, Panayiotis G and Narayanan, Shrikanth S},
  booktitle = {Interspeech},
  title     = {Analyzing Speech Rate Entrainment and Its Relation to Rherapist Empathy in Drug Addiction Counseling},
  year      = {2015},
  pages     = {2489--2493},
  url       = {https://sail.usc.edu/publications/files/Xiao-IS151344.pdf},
}

@Article{Cohen2017converging,
  author    = {Cohen Priva, Uriel and Edelist, Lee and Gleason, Emily},
  journal   = {The Journal of the Acoustical Society of America},
  title     = {Converging to the Baseline: Corpus Evidence for Convergence in Speech Rate to Interlocutor's Baseline},
  year      = {2017},
  number    = {5},
  pages     = {2989--2996},
  volume    = {141},
  doi       = {10.1121/1.4982199},
  publisher = {Acoustical Society of America},
}

@Article{Lewandowski2019phonetic,
  author  = {Lewandowski, Natalie and Jilka, Matthias},
  journal = {Frontiers in Communication},
  title   = {Phonetic Convergence, Language Talent, Personality and Attention},
  year    = {2019},
  number  = {18},
  doi     = {10.3389/fcomm.2019.00018},
  vol     = {4},
}

@InProceedings{Weise2018looking,
  author    = {Weise, Andreas and Levitan, Rivka},
  booktitle = {Human Language Technologies},
  title     = {Looking for Structure in Lexical and Acoustic-Prosodic Entrainment Behaviors},
  year      = {2018},
  pages     = {297--302},
  volume    = {2},
  publisher = {North American Chapter of the Association for Computational Linguistics},
  doi       = {10.18653/v1/N18-2048},
}

@InCollection{Raveh2018Specom,
  author     = {Raveh, Eran and Steiner, Ingmar and Gessinger, Iona and M{\"o}bius, Bernd},
  title      = {Studying Mutual Phonetic Influence With a Web-Based Spoken Dialogue System},
  booktitle  = {Speech and Computer ({Specom})},
  publisher  = {Springer},
  year       = {2018},
  editor     = {Karpov, Alexey and Jokisch, Oliver and Potapova, Rodmonga},
  volume     = {11096},
  series     = {Lecture Notes in Artificial Intelligence},
  pages      = {552--562},
  month      = sep,
  date       = {2018-09-19},
  doi        = {10.1007/978-3-319-99579-3_57},
  url        = {https://arxiv.org/abs/1809.04945},
}

@Book{Molino2000toward,
  title     = {Toward an Evolutionary Theory of Music and Language},
  publisher = {The MIT Press},
  year      = {2000},
  month     = {10},
  author    = {Molino, Jean},
}

@Article{Jackendoff2009parallels,
  author    = {Jackendoff, Ray},
  title     = {Parallels and Nonparallels Between Language and Music},
  journal   = {Music Perception: An Interdisciplinary Journal},
  year      = {2009},
  volume    = {26},
  number    = {3},
  pages     = {195--204},
  doi       = {10.1525/mp.2009.26.3.195},
  publisher = {University of California Press Journals},
}

@Book{Meyer2008emotion,
  title     = {Emotion and Meaning in Music},
  publisher = {University of Chicago Press},
  year      = {2008},
  author    = {Meyer, Leonard B.},
}

@InProceedings{Collins1998convergence,
  author    = {Collins, Belinda},
  title     = {Convergence of Fundamental Frequencies in Conversation: If It Happens, Does It Matter?},
  address   = {Sydney, Australia},
  booktitle = {Spoken Language Processing},
  year      = {1998},
}

@Article{DImperio2014phonetic,
  author    = {D'Imperio, Mariapaola and Cavone, Rossana and Petrone, Caterina},
  title     = {Phonetic and Phonological Imitation of Intonation in Wwo Varieties of {I}talian},
  journal   = {Frontiers in Psychology},
  year      = {2014},
  volume    = {5},
  pages     = {1226},
  doi       = {10.3389/fpsyg.2014.01226},
  publisher = {Frontiers},
}

@Article{Simonet2011intonational,
  author    = {Simonet, Miquel},
  title     = {Intonational Convergence in Language Contact: Utterance-Final f0 Contours in {C}atalan-{S}panish Early Bilinguals},
  journal   = {Journal of the International Phonetic Association},
  year      = {2011},
  volume    = {41},
  number    = {2},
  pages     = {157--184},
  doi       = {10.1017/S0025100311000120},
  publisher = {Cambridge University Press},
}

@Article{Krivokapic2013rhythm,
  author    = {Krivokapic, Jelena},
  title     = {Rhythm and Convergence Between Speakers of {American and Indian English}},
  journal   = {Laboratory Phonology},
  year      = {2013},
  volume    = {4},
  number    = {1},
  pages     = {39--65},
  doi       = {10.1515/lp-2013-0003},
  publisher = {De Gruyter},
}

@Article{Goldinger1998echoes,
  author    = {Goldinger, Stephen D.},
  title     = {Echoes of Echoes? An Episodic Theory of Lexical Access},
  journal   = {Psychological Review},
  year      = {1998},
  volume    = {105},
  number    = {2},
  pages     = {251},
  doi       = {10.1037/0033-295x.105.2.251},
  publisher = {American Psychological Association},
}

@Article{Weiss2012something,
  author    = {Weiss, Michael W and Trehub, Sandra E and Schellenberg, E Glenn},
  title     = {Something in the Way She Sings: Enhanced Memory for Vocal Melodies},
  journal   = {Psychological Science},
  year      = {2012},
  volume    = {23},
  number    = {10},
  pages     = {1074--1078},
  doi       = {10.1177/0956797612442552},
  publisher = {Sage Publications Sage CA: Los Angeles, CA},
}

@Article{Trehub1991music,
  author    = {Trehub, Sandra E and Unyk, Anna M},
  title     = {Music Prototypes in Developmental Perspective},
  journal   = {Psychomusicology: A Journal of Research in Music Cognition},
  year      = {1991},
  volume    = {10f},
  number    = {2},
  pages     = {73},
  doi       = {10.1037/h0094140},
  publisher = {Illinois State University},
}

@MastersThesis{Twig2016universal,
  author = {Maya Twig},
  title  = {Music as a Universal Language: Examining the Effect of Culture on Music Perception at Infancy},
  school = {University of Haifa},
  year   = {2016},
  type   = {mathesis},
  issn   = {ZD268.T85 2016},
  url    = {https://haifa.userservices.exlibrisgroup.com/view/delivery/972HAI_MAIN/12137798060002791},
}

@Article{Unyk1992lullabies,
  author    = {Unyk, Anna M and Trehub, Sandra E and Trainor, Laurel J and Schellenberg, E Glenn},
  title     = {Lullabies and Simplicity: A Cross-Cultural Perspective},
  journal   = {Psychology of Music},
  year      = {1992},
  volume    = {20},
  number    = {1},
  pages     = {15--28},
  doi       = {10.1177/0305735692201002},
  publisher = {Sage Publications Sage CA: Thousand Oaks, CA},
}

@Article{Trehub1993maternal,
  author    = {Trehub, Sandra E and Unyk, Anna M and Trainor, Laurel J},
  title     = {Maternal Singing in Cross-Cultural Perspective},
  journal   = {Infant Behavior and Development},
  year      = {1993},
  volume    = {16},
  number    = {3},
  pages     = {285--295},
  doi       = {10.1016/0163-6383(93)80036-8},
  publisher = {Elsevier},
}

@Article{Fernald1991prosody,
  author  = {Fernald, Anne},
  title   = {Prosody in Speech to Children: Prelinguistic and Linguistic Functions},
  journal = {Annals of child development},
  year    = {1991},
  volume  = {8},
  pages   = {43--80},
}

@InProceedings{Street2003mothers,
  author    = {Street, Alison and Young, Susan and Tafuri, Johannella and Ilari, Beatriz},
  title     = {Mothers' Attitudes to Singing to Their Infants},
  booktitle = {{ESCOM}},
  year      = {2003},
  pages     = {628--631},
  url       = {https://www.epos.uni-osnabrueck.de/books/k/klww003/pdfs/099_Street_Proc.pdf},
}

@Article{Papouvsek1991meanings,
  author    = {Papou{\v{s}}ek, Mechthild and Papou{\v{s}}ek, Hanu{\v{s}} and Symmes, David},
  title     = {The Meanings of Melodies in Motherese in Tone and Stress Languages},
  journal   = {Infant Behavior and Development},
  year      = {1991},
  volume    = {14},
  number    = {4},
  pages     = {415--440},
  doi       = {https://doi.org/10.1016/0163-6383(91)90031-M},
  publisher = {Elsevier},
}

@Article{DeKlerk1979equal,
  author    = {De Klerk, Dirk},
  title     = {Equal Temperament},
  journal   = {Acta Musicologica},
  year      = {1979},
  volume    = {51},
  number    = {Fasc.~1},
  pages     = {140--150},
  doi       = {10.2307/932181},
  publisher = {JSTOR},
}

@InCollection{Nardo2009musicality,
  author    = {Nardo, Davide and Reiterer, Susanne},
  title     = {Musicality and Phonetic Language Aptitude},
  booktitle = {Language Talent and Brain Activity},
  publisher = {Mouton de Gruyter},
  year      = {2009},
  editor    = {Dogil, Grzegorz and Reiterer, Susanne},
  address   = {Berlin},
  year      = {2009},
  pages     = {213--256},
  doi       = {10.1515/9783110215496},
  publisher = {Mouton de Gruyter Berlin},
}

@Article{Tsang2018musical,
  author    = {Tsang, Grace Ji Yan and Dana, Edmund L and Farbood, Morwaread M and Levi, Susannah V},
  title     = {Musical Training and the Perception of Phonetic Detail in a Shadowing Task},
  journal   = {The Journal of the Acoustical Society of America},
  year      = {2018},
  volume    = {143},
  number    = {3},
  pages     = {1922--1922},
  doi       = {10.1121/1.5036272},
  publisher = {ASA},
}

@Article{Okada2012interpreting,
  author    = {Okada, Brooke M and Lachs, Lorin and Boone, Benjamin},
  title     = {Interpreting Tone of Voice: Musical Pitch Relationships Convey Agreement in Dyadic Conversation},
  journal   = {The Journal of the Acoustical Society of America},
  year      = {2012},
  volume    = {132},
  number    = {3},
  pages     = {EL208--EL214},
  doi       = {10.1121/1.4742316},
  publisher = {ASA},
}

@Book{Noy1999psychoanalysis,
  title     = {The Psychoanalysis of Art and Creativity},
  publisher = {Modan},
  year      = {1999},
  author    = {Pinhas Noy},
  notes      = {in Hebrew},
}

@Article{Day2013speech,
  author    = {Day-O'Connell, Jeremy},
  title     = {Speech, Song, and The Minor Third: An Acoustic Study of the Stylized Interjection},
  journal   = {Music Perception: An Interdisciplinary Journal},
  year      = {2013},
  volume    = {30},
  number    = {5},
  pages     = {441--462},
  doi       = {10.1525/mp.2013.30.5.441},
  publisher = {University of California Press Journals},
}

@Article{Pardo2012phonetic,
  author    = {Pardo, Jennifer S and Gibbons, Rachel and Suppes, Alexandra and Krauss, Robert M},
  title     = {Phonetic Convergence in College Roommates},
  journal   = {Journal of Phonetics},
  year      = {2012},
  volume    = {40},
  number    = {1},
  pages     = {190--197},
  doi       = {10.1016/j.wocn.2011.10.001},
  publisher = {Elsevier},
}

@Article{Pardo2018comparison,
  author    = {Pardo, Jennifer S and Urmanche, Adelya and Wilman, Sherilyn and Wiener, Jaclyn and Mason, Nicholas and Francis, Keagan and Ward, Melanie},
  title     = {A Comparison of Phonetic Convergence in Conversational Interaction and Speech Shadowing},
  journal   = {Journal of Phonetics},
  year      = {2018},
  volume    = {69},
  pages     = {1--11},
  doi       = {10.1016/j.wocn.2018.04.001},
  publisher = {Elsevier},
}

@Article{Bonferroni1936teoria,
  author = {Bonferroni, Carlo E},
  title  = {Teoria Statistica Delle Classi e Calcolo Delle Probabilita'},
  year   = {1936},
  doi    = {10.4135/9781412961288.n455},
}

@Book{Bernsen1998designing,
  author    = {Bernsen, Niels O. and Dybkjaer, Hans and Dybkjaer, Laila},
  publisher = {Springer-Verlag London},
  title     = {{D}esigning {I}nteractive {S}peech {S}ystems -- {F}rom {F}irst {I}deas to {U}ser {T}esting},
  year      = {1998},
  edition   = {1},
  isbn      = {978-3-540-76048-1},
  doi       = {10.1007/978-1-4471-0897-9},
}

@Article{Racz2020morphological,
  author    = {R\'{a}cz, P\'{e}ter and Beckner, Clay and Hay, Jennifer~B. and Pierrehumbert, Janet~B.},
  journal   = {Language},
  title     = {Morphological Convergence as On-Line Lexical Analogy},
  year      = {2020},
  publisher = {Linguistic Society of America},
  url       = {http://www.phon.ox.ac.uk/jpierrehumbert/publications/Racz_etal_Language_SI.pdf},
}

@Article{Aubanel2020speaking,
  author    = {Aubanel, Vincent and Nguyen, No{\"e}l},
  journal   = {Plos one},
  title     = {Speaking To a Common Tune: Between-Speaker Convergence in Voice Fundamental Frequency in A Joint Speech Production Task},
  year      = {2020},
  number    = {5},
  volume    = {15},
  doi       = {10.1371/journal.pone.0232209},
  publisher = {Public Library of Science San Francisco, CA USA},
}

@Article{CohenPriva2019limitations,
  author    = {Cohen-Priva, Uriel and Sanker, Chelsea},
  journal   = {Laboratory Phonology: Journal of the Association for Laboratory Phonology},
  title     = {Limitations of Difference-in-Difference for Measuring Convergence},
  year      = {2019},
  number    = {1},
  volume    = {10},
  publisher = {Ubiquity Press},
  doi       = {10.5334/labphon.200},
}

@Article{Heldner2010pitch,
  author    = {Heldner, Mattias and Edlund, Jens and Hirschberg, Julia Bell},
  title     = {Pitch Similarity in the Vicinity of Backchannels},
  year      = {2010},
  month     = {8},
  pages     = {1--4},
  booktitle = {Interspeech},
  doi       = {https://doi.org/10.7916/D8WS92R4},
}

@Book{Gardner1983frames,
  title     = {Frames of Mind: The Theory of Multiple Intelligences},
  publisher = {Hachette Uk},
  year      = {1983},
  month     = {6},
  author    = {Gardner, Howard},
  doi       = {10.1086/414405},
}

@Article{Davis2011theory,
  author    = {Davis, Katie and Christodoulou, Joanna and Seider, Scott and Gardner, Howard Earl},
  title     = {The Theory of Multiple Intelligences},
  editor    = {Sternberg, RJ and Kaufman, SB},
  journal   = {The Theory of Multiple Intelligences},
  publisher = {Cambridge Handbook of Intelligence},
  year      = {2011},
  june      = {6},
  pages     = {485--503},
  doi       = {10.1017/CBO9780511977244.025},
}

@Article{Mehr2017artificial,
  author    = {Mehr, Hila},
  title     = {Artificial Intelligence for Citizen Services and Government},
  journal   = {Ash Center for Democratic Governance and Innovation},
  publisher = {Harvard Kennedy School},
  year      = {2017},
  month     = {8},
  pages     = {1--12},
  url       = {https://ash.harvard.edu/files/ash/files/artificial_intelligence_for_citizen_services.pdf},
}

@Article{Gnewuch2017towards,
  author  = {Gnewuch, Ulrich and Morana, Stefan and Maedche, Alexander},
  title   = {Towards Designing Cooperative and Social Conversational Agents for Customer Service},
  year    = {2017},
  journal = {Conference: International Conference on Information Systems (ICIS)},
  address = {Seoul, South Korea},
}

@Article{Orlob2017winning,
  author = {Orlob, Chris},
  title  = {The Science of Winning Sales Conversations},
  year   = {2017},
  url    = {https://www.gong.io/blog/winning-sales-conversations/},
}

@Article{Orlob2017separates,
  author = {Orlob, Chris},
  title  = {This Is What Separates Your Star Reps from the Rest of The Team},
  year   = {2017},
  url    = {https://www.gong.io/blog/this-is-what-separates-yourstar-reps-from-the-rest-of-the-team},
}

@Article{Glaser2014conversational,
  author  = {Glaser, Judith E and Tartell, Ross},
  journal = {OD Practitioner},
  title   = {Conversational Intelligence at Work},
  year    = {2014},
  number  = {3},
  pages   = {62--67},
  volume  = {46},
  url     = {https://organizationalperformancegroup.com/wp-content/uploads/2016/10/ODP-Conversational-Intelligence.pdf},
}

@InProceedings{Abrego2011effects,
  author    = {Abrego-Collier, Carissa and Grove, Julian and Sonderegger, Morgan and Alan, CL},
  booktitle = {International Congress of Phonetic Sciences ({ICPhS})},
  title     = {Effects of Speaker Evaluation on Phonetic Convergence},
  year      = {2011},
  month     = {8},
  address   = {Hong Kong},
  pages     = {192--195},
  url       = {http://people.linguistics.mcgill.ca/~morgan/icphs2011Evaluation.pdf},
}

@Article{Kang2010emergence,
  author    = {Kang, Yoonjung},
  journal   = {Phonology},
  title     = {The Emergence of Phonological Adaptation from Phonetic Adaptation: {E}nglish Loanwords in {K}orean},
  year      = {2010},
  number    = {2},
  pages     = {225--253},
  volume    = {27},
  doi       = {10.1017/S0952675710000114},
  publisher = {Cambridge University Press},
}

@Article{Hwang2015phonetic,
  author    = {Hwang, Jiwon and Brennan, Susan E and Huffman, Marie K},
  journal   = {Journal of Memory and Language},
  title     = {Phonetic Adaptation in Non-Native Spoken Dialogue: Effects of Priming and Audience Design},
  year      = {2015},
  pages     = {72--90},
  volume    = {81},
  doi       = {10.1016/j.jml.2015.01.001},
  publisher = {Elsevier},
}

@Article{Messum2007mirroring,
  author    = {Messum, Piers},
  journal   = {Journal of the Acoustical Society of America},
  title     = {Mirroring, Not Imitation, for the Early Learning of {L}1 Pronunciation},
  year      = {2007},
  address   = {New York},
  number    = {5},
  pages     = {2997},
  volume    = {122},
  doi       = {10.1121/1.2942701},
  publisher = {Acoustical Society of America},
}

@Article{Yoshikawa2003constructivist,
  author    = {Yoshikawa, Yuichiro and Asada, Minoru and Hosoda, Koh and Koga, Junpei},
  journal   = {Connection Science},
  title     = {A Constructivist Approach to Infants' Vowel Acquisition Through Mother-Infant Interaction},
  year      = {2003},
  number    = {4},
  pages     = {245--258},
  volume    = {15},
  doi       = {10.1016/j.wocn.2015.08.005},
  publisher = {Taylor \& Francis},
}

@Article{Messum2015creating,
  author    = {Messum, Piers and Howard, Ian S},
  journal   = {Journal of Phonetics},
  title     = {Creating the Cognitive Form of Phonological Units: The Speech Sound Correspondence Problem in Infancy Could be Solved by Mirrored Vocal Interactions Rather Than by Imitation},
  year      = {2015},
  pages     = {125--140},
  volume    = {53},
  doi       = {10.1016/j.wocn.2015.08.005},
  publisher = {Elsevier},
}

@Article{Edworthy2003acoustic,
  author    = {Edworthy, Judy and Hellier, Elizabeth and Walters, Kathryn and Clift-Mathews, Wendy and Crowther, Mark},
  journal   = {Applied Cognitive Psychology: The Official Journal of the Society for Applied Research in Memory and Cognition},
  title     = {Acoustic, Semantic and Phonetic Influences in Spoken Warning Signal Words},
  year      = {2003},
  number    = {8},
  pages     = {915--933},
  volume    = {17},
  doi       = {10.1002/acp.927},
  publisher = {Wiley Online Library},
}

@Article{Weise2019individual,
  author    = {Weise, Andreas and Levitan, Sarah Ita and Hirschberg, Julia and Levitan, Rivka},
  journal   = {Speech Communication},
  title     = {Individual Differences in Acoustic-Prosodic Entrainment in Spoken Dialogue},
  year      = {2019},
  doi       = {10.1016/j.specom.2019.10.007},
  publisher = {Elsevier},
}

@Article{Bevnuvs2014social,
  author    = {Be{\v{n}}u{\v{s}}, {\v{S}}tefan},
  journal   = {Cognitive Computation},
  title     = {Social Aspects of Entrainment in Spoken Interaction},
  year      = {2014},
  number    = {4},
  pages     = {802--813},
  volume    = {6},
  doi       = {10.1007/s12559-014-9261-4},
  publisher = {Springer},
}

@Article{Wen2016network,
  author  = {Wen, Tsung-Hsien and Vandyke, David and Mrksic, Nikola and Gasic, Milica and Rojas-Barahona, Lina M and Su, Pei-Hao and Ultes, Stefan and Young, Steve},
  journal = {arXiv preprint},
  title   = {A Network-Based End-to-End Trainable Task-Oriented Dialogue System},
  year    = {2016},
  url     = {https://arxiv.org/pdf/1604.04562.pdf},
}

@Article{Zhao2016towards,
  author  = {Zhao, Tiancheng and Eskenazi, Maxine},
  journal = {arXiv preprint},
  title   = {Towards End-to-End Learning for Dialog State Tracking and Management Using Deep Reinforcement Learning},
  year    = {2016},
  url     = {https://arxiv.org/pdf/1606.02560.pdf},
}

@Article{Vinyals2015neural,
  author  = {Vinyals, Oriol and Le, Quoc},
  journal = {arXiv preprint},
  title   = {A Neural Conversational Model},
  year    = {2015},
  url     = {https://arxiv.org/pdf/1506.05869.pdf},
}

@Article{Li2016deep,
  author  = {Li, Jiwei and Monroe, Will and Ritter, Alan and Galley, Michel and Gao, Jianfeng and Jurafsky, Dan},
  journal = {arXiv preprint},
  title   = {Deep Reinforcement Learning for Dialogue Generation},
  year    = {2016},
  url     = {https://arxiv.org/pdf/1606.01541.pdf},
}

@Article{Singh2016nao,
  author    = {Singh, Avinash Kumar and Nandi, Gora Chand},
  journal   = {Robotics and Autonomous Systems},
  title     = {{NAO} Humanoid Robot: Analysis of Calibration Techniques for Robot Sketch Drawing},
  year      = {2016},
  pages     = {108--121},
  volume    = {79},
  doi       = {10.1016/j.robot.2016.01.009},
  publisher = {Elsevier},
}

@InCollection{AlMoubayed2012furhat,
  author    = {Al Moubayed, Samer and Beskow, Jonas and Skantze, Gabriel and Granstr{\"o}m, Bj{\"o}rn},
  booktitle = {Cognitive Behavioural Systems},
  publisher = {Springer},
  title     = {Furhat: A Back-Projected Human-Like Robot Head for Multiparty Human-Machine Interaction},
  year      = {2012},
  pages     = {114--130},
  doi       = {10.1007/978-3-642-34584-5_9},
}

@Article{Weizenbaum1966eliza,
  author    = {Weizenbaum, Joseph},
  journal   = {Communications of the ACM},
  title     = {{ELIZA} -- A Computer Program for the Study of Natural Language Communication Between Man and Machine},
  year      = {1966},
  number    = {1},
  pages     = {36--45},
  volume    = {9},
  doi       = {10.1145/365153.365168},
  publisher = {ACM New York, NY, USA},
}

@Article{Iio2020twin,
  author    = {Iio, Takamasa and Yoshikawa, Yuichiro and Chiba, Mariko and Asami, Taichi and Isoda, Yoshinori and Ishiguro, Hiroshi},
  journal   = {Applied Sciences},
  title     = {Twin-Robot Dialogue System with Robustness Against Speech Recognition Failure in Human-Robot Dialogue with Elderly People},
  year      = {2020},
  number    = {4},
  pages     = {1522},
  volume    = {10},
  doi       = {10.3390/app10041522},
  publisher = {Multidisciplinary Digital Publishing Institute},
}

@Article{Peterson2005learning,
  author  = {Peterson, Mark},
  journal = {PacCALL},
  title   = {Learning Interaction in an Avatar-Based Virtual Environment: A Preliminary Study},
  year    = {2005},
  number  = {1},
  pages   = {29--40},
  volume  = {1},
  doi     = {10.1111/j.1467-8535.2009.00991.x},
}

@InProceedings{Devault2014simsensei,
  author    = {DeVault, David and Artstein, Ron and Benn, Grace and Dey, Teresa and Fast, Ed and Gainer, Alesia and Georgila, Kallirroi and Gratch, Jon and Hartholt, Arno and Lhommet, Margaux},
  booktitle = {International Conference on Autonomous Agents and Multi-Agent Systems},
  title     = {{S}im{S}ensei {K}iosk: A Virtual Human Interviewer for Healthcare Decision Support},
  year      = {2014},
  address   = {Paris, France},
  month     = {5},
  pages     = {1061--1068},
}

@Book{Black1997festival,
  author    = {Black, Alan W and Taylor, Paul},
  publisher = {Human Communication Research Centre},
  title     = {Festival Speech Synthesis System},
  year      = {1997},
  address   = {University of Edinburgh, Scotland, UK},
}

@InProceedings{Schroder2011open,
  author    = {Schr{\"o}der, Marc and Charfuelan, Marcela and Pammi, Sathish and Steiner, Ingmar},
  booktitle = {International Speech Communication Association},
  title     = {Open Source Voice Creation Toolkit for the {MARY TTS} Platform},
  year      = {2011},
  doi       = {10.1.1.228.1771},
}

@Misc{Duddington2012espeak,
  author    = {Duddington, Jonathan},
  title     = {e{S}peak Text-to-Speech},
  year      = {2012},
  publisher = {Web publication: http://espeak.sourceforge.net},
}

@InProceedings{Povey2011kaldi,
  author       = {Povey, Daniel and Ghoshal, Arnab and Boulianne, Gilles and Burget, Lukas and Glembek, Ondrej and Goel, Nagendra and Hannemann, Mirko and Motlicek, Petr and Qian, Yanmin and Schwarz, Petr},
  booktitle    = {Automatic Speech Recognition and Understanding},
  title        = {The {K}aldi Speech Recognition Toolkit},
  year         = {2011},
  organization = {IEEE Signal Processing Society},
  doi          = {10.1.1.468.3637},
}

@InProceedings{Lehnert2020relationship,
  author    = {Lehnert-LeHouillier, Heike and Terrazas, Susana and Sandoval, Steven and Boren, Rachel},
  booktitle = {Speech Prosody},
  title     = {The Relationship Between Prosodic Ability and Conversational Prosodic Entrainment},
  year      = {2020},
  pages     = {769--773},
  doi       = {10.21437/SpeechProsody.2020-157},
}

@Article{Local2007phonetic,
  author  = {Local, John},
  journal = {International Congress of Phonetic Sciences ({ICPhS})},
  title   = {Phonetic Detail and the Organisation of Talk-in-Interaction},
  year    = {2007},
  address = {Saarbr{\"u}cken, Germany},
  url     = {https://pdfs.semanticscholar.org/8f73/42a2cec6ee2a8d9bcc9cd004290d87bb5d55.pdf},
}

@Article{Borrie2017conversational,
  author    = {Borrie, Stephanie A and Delfino, Christine R},
  journal   = {Journal of Voice},
  title     = {Conversational Entrainment of Vocal Fry in Young Adult Female {A}merican {E}nglish Speakers},
  year      = {2017},
  number    = {4},
  pages     = {513--e25},
  volume    = {31},
  doi       = {10.1016/j.jvoice.2016.12.005},
  publisher = {Elsevier},
}

@InProceedings{Law2020convergence,
  author    = {Wai Ling Law and Olga Dmitrieva and Alexander Francis},
  booktitle = {Speech Prosody},
  title     = {Convergence of {L}1 and {L}2 Speech Rhythm in {C}antonese-{E}nglish Bilingual Speakers},
  year      = {2020},
  address   = {Tokyo, Japan},
  pages     = {547--550},
  doi       = {10.21437/SpeechProsody.2020-112},
}

@InProceedings{Baumann2020how,
  author    = {Timo Baumann},
  booktitle = {Speech Prosody},
  title     = {How a Listener Influences the Speaker},
  year      = {2020},
  pages     = {970--974},
  address   = {Tokyo, Japan},
  doi       = {10.21437/SpeechProsody.2020-198},
}

@Article{Baddeley2003working,
  author    = {Baddeley, Alan},
  journal   = {Journal of Communication Disorders},
  title     = {Working Memory and Language: An Overview},
  year      = {2003},
  number    = {3},
  pages     = {189--208},
  volume    = {36},
  doi       = {10.1016/S0021-9924(03)00019-4},
  publisher = {Elsevier},
}

@InProceedings{Bergqvist2020nontrivial,
  author    = {Bergqvist, Amanda and Manuvinakurike, Ramesh and Karkada, Deepthi and Paetzel, Maike},
  booktitle = {SIGdial},
  title     = {Nontrivial Lexical Convergence in a Geography-Themed Game},
  year      = {2020},
  publisher = {Association for Computational Linguistics},
  url       = {https://www.aclweb.org/anthology/2020.sigdial-1.26.pdf},
}

@InProceedings{Galvez2020unifiying,
  author    = {Galvez, Ramiro H. and Gauder, Lara and Luque, Jordi and Gravano, Agustin},
  booktitle = {SIGdial},
  title     = {A Unifying Framework for Modeling Acoustic-Prosodic Entrainment: Definition and Evaluation on Two Large Corpora},
  year      = {2020},
  publisher = {Association for Computational Linguistics},
  url       = {https://www.aclweb.org/anthology/2020.sigdial-1.27},
}

@InProceedings{Kousidis2009monitoring,
  author    = {Kousidis, Spyros and Dorran, David},
  booktitle = {Workshop on Speech Technology, Dublin, Ireland},
  title     = {Monitoring Convergence of Temporal Features in Spontaneous Dialogue Speech},
  year      = {2009},
  month     = {1},
  address   = {Dublin, Ireland},
  url       = {http://citeseerx.ist.psu.edu/viewdoc/download?doi=10.1.1.917.1366&rep=rep1&type=pdf},
}

@Book{Schvaneveldt1973retrieval,
  author    = {Schvaneveldt, RW and Meyer, David E},
  publisher = {Academic Press},
  booktitle = {Attention and Performance},
  volume    = {4},
  address   = {New York},
  title     = {Retrieval and Comparison Processes in Semantic Memory},
  year      = {1973},
}

@InProceedings{Kousidis2008towards,
  author    = {Kousidis, Spyros and Dorran, David and Wang, Yi and Vaughan, Brian and Cullen, Charlie and Campbell, Dermot and McDonnell, Ciaran and Coyle, Eugene},
  booktitle = {Interspeech},
  title     = {Towards Measuring Continuous Acoustic Feature Convergence in Unconstrained Spoken Dialogues},
  year      = {2008},
  month     = {9},
  address   = {Brisbane, Australia},
  pages     = {1692--1695},
  url       = {https://www.isca-speech.org/archive/archive_papers/interspeech_2008/i08_1692.pdf},
}

@Article{Lin2007experiencing,
  author    = {Lin, Jessica and Keogh, Eamonn and Wei, Li and Lonardi, Stefano},
  journal   = {Data Mining and Knowledge Discovery},
  title     = {Experiencing {SAX}: A Novel Symbolic Representation of Time Series},
  year      = {2007},
  number    = {2},
  pages     = {107--144},
  volume    = {15},
  doi       = {10.1007/s10618-007-0064-z},
  publisher = {Springer},
}

@Article{Apostolico2003monotony,
  author    = {Apostolico, Alberto and Bock, Mary Ellen and Lonardi, Stefano},
  journal   = {Journal of Computational Biology},
  title     = {Monotony of Surprise and Large-Scale Quest for Unusual Words},
  year      = {2003},
  number    = {3-4},
  pages     = {283--311},
  volume    = {10},
  doi       = {10.1089/10665270360688020},
  publisher = {Mary Ann Liebert, Inc.},
}

@Article{Keogh2001dimensionality,
  author    = {Keogh, Eamonn and Chakrabarti, Kaushik and Pazzani, Michael and Mehrotra, Sharad},
  journal   = {Knowledge and Information Systems},
  title     = {Dimensionality Reduction for Fast Similarity Search in Large Time Series Databases},
  year      = {2001},
  number    = {3},
  pages     = {263--286},
  volume    = {3},
  doi       = {10.1007/PL00011669},
  publisher = {Springer},
}

@Article{Bellman1957markovian,
  author    = {Bellman, Richard},
  journal   = {Journal of Mathematics and Mechanics},
  title     = {A {M}arkovian Decision Process},
  year      = {1957},
  pages     = {679--684},
  publisher = {JSTOR},
  url       = {https://www.jstor.org/stable/24900506},
}

@InProceedings{Niesler1996variable,
  author       = {Niesler, Thomas R and Woodland, Philip C},
  booktitle    = {International Conference on Acoustics, Speech, and Signal Processing},
  title        = {A Variable-Length Category-Based N-Gram Language Model},
  year         = {1996},
  organization = {IEEE},
  pages        = {164--167},
  volume       = {1},
  doi          = {10.1109/ICASSP.1996.540316},
}

@Article{Xu2015identification,
  author    = {Xu, Ruifeng and Zhou, Jiyun and Liu, Bin and He, Yulan and Zou, Quan and Wang, Xiaolong and Chou, Kuo-Chen},
  journal   = {Journal of Biomolecular Structure and Dynamics},
  title     = {Identification of {DNA}-Binding Proteins by Incorporating Evolutionary Information into Pseudo Amino Acid Composition Via the Top-N-Gram Approach},
  year      = {2015},
  number    = {8},
  pages     = {1720--1730},
  volume    = {33},
  doi       = {10.1080/07391102.2014.968624},
  publisher = {Taylor \& Francis},
}

@Article{Marino2006ngram,
  author    = {Marino, Jos{\'e} B and Banchs, Rafael E and Crego, Josep M and de Gispert, Adri{\`a} and Lambert, Patrik and Fonollosa, Jos{\'e} AR and Costa-juss{\`a}, Marta R},
  journal   = {Computational Linguistics},
  title     = {N-Gram-Based Machine Translation},
  year      = {2006},
  number    = {4},
  pages     = {527--549},
  volume    = {32},
  doi       = {10.1162/coli.2006.32.4.527},
  publisher = {MIT Press},
}

@Article{Turing1950computing,
  author  = {Turing, Alan M},
  journal = {Mind},
  title   = {Computing Machinery and Intelligence},
  year    = {1950},
  month   = {10},
  number  = {236},
  pages   = {433--460},
  volume  = {59},
  doi     = {10.1093/mind/LIX.236.433},
}

@Article{Steiner2013pavoque,
  author  = {Steiner, Ingmar and Schr{\"o}der, Marc and Klepp, Annette},
  journal = {Phonetik und Phonologie im deutschsprachigen Raum},
  title   = {The {PAVOQUE} Corpus as a Resource for Analysis and Synthesis of Expressive Speech},
  year    = {2013},
  volume  = {9},
}

@InProceedings{Shen2018natural,
  author       = {Shen, Jonathan and Pang, Ruoming and Weiss, Ron J and Schuster, Mike and Jaitly, Navdeep and Yang, Zongheng and Chen, Zhifeng and Zhang, Yu and Wang, Yuxuan and Skerrv-Ryan, Rj},
  booktitle    = {Acoustics, Speech and Signal Processing ({ICASSP})},
  title        = {Natural {TTS} Synthesis by Conditioning Wavenet on Mel Spectrogram Predictions},
  year         = {2018},
  month        = {4},
  organization = {IEEE},
  pages        = {4779--4783},
  doi          = {10.1109/ICASSP.2018.8461368},
}

@Book{Fant1970acoustic,
  author    = {Fant, Gunnar},
  publisher = {Walter de Gruyter},
  title     = {Acoustic Theory of Speech Production},
  year      = {1970},
  number    = {2},
  doi       = {10.1515/9783110873429},
}

@Article{Braun2016assessing,
  author    = {Braun, Silke and Annovazzi, Chiara and Botella, Cristina and Bridler, Ren{\'e} and Camussi, Elisabetta and Delfino, Juan P and Mohr, Christine and Moragrega, Ines and Papagno, Costanza and Pisoni, Alberto},
  journal   = {Psychopathology},
  title     = {Assessing Chronic Stress, Coping Skills, and Mood Disorders through Speech Analysis: A Self-Assessment ``Voice App'' for Laptops, Tablets, and Smartphones},
  year      = {2016},
  number    = {6},
  pages     = {406--419},
  volume    = {49},
  doi       = {10.1159/000450959},
  publisher = {Karger Publishers},
}

@InProceedings{Rothkrantz2004voice,
  author       = {Rothkrantz, Leon JM and Wiggers, Pascal and Van Wees, Jan-Willem A and van Vark, Robert J},
  booktitle    = {Text, Speech and Dialogue},
  title        = {Voice Stress Analysis},
  year         = {2004},
  organization = {Springer},
  pages        = {449--456},
  doi          = {10.1007/978-3-540-30120-2_57},
}

@Article{Press1989numerical,
  author    = {Press, W.H. and Teukolsky, S.A. and Vetterling, W.T. and Flannery, B.P.},
  journal   = {The Mathematical Gazette},
  title     = {Numerical Recipes in {C} -- The Art of Scientific Computing},
  year      = {1992},
  number    = {464},
  volume    = {73},
  isbn      = {0-521-35465-X},
  publisher = {Cambridge University Press},
}

@Article{Pickering2013integrated,
  author  = {Pickering, Martin J and Garrod, Simon},
  journal = {Behavioral and Brain Sciences},
  title   = {An Integrated Theory of Language Production and Comprehension},
  year    = {2013},
  number  = {4},
  pages   = {329--347},
  volume  = {36},
  doi     = {10.1017/S0140525X12001495},
}

@InProceedings{Levitan2012acoustic,
  author    = {Levitan, Rivka and Gravano, Agust{\'\i}n and Willson, Laura and Be{\v{n}}u{\v{s}}, {\v{S}}tefan and Hirschberg, Julia and Nenkova, Ani},
  booktitle = {Human Language Technologies},
  title     = {Acoustic-Prosodic Entrainment and Social Behavior},
  year      = {2012},
  pages     = {11--19},
  url       = {https://www.aclweb.org/anthology/N12-1002.pdf},
  publisher = {North American Chapter of the Association for Computational Linguistics},
}

@InProceedings{Bailly2014assessing,
  author    = {Bailly, G{\'{e}}rard and Martin, Am{\'{e}}lie},
  booktitle = {Interspeech},
  title     = {Assessing Objective Characterizations of Phonetic Convergence},
  year      = {2014},
  address   = {Singapore},
  pages     = {2011--2015},
  url       = {https://www.isca-speech.org/archive/archive_papers/interspeech_2014/i14_2011.pdf},
}

@Article{Jucks2008lexical,
  author    = {Jucks, Regina and Becker, Bettina-Maria and Bromme, Rainer},
  journal   = {Discourse Processes},
  title     = {Lexical Entrainment in Written Discourse: Is Eexperts' Word Use Adapted to the Addressee?},
  year      = {2008},
  number    = {6},
  pages     = {497--518},
  volume    = {45},
  doi       = {10.1080/01638530802356547},
  publisher = {Taylor \& Francis},
}

@Article{Nass2000machines,
  author    = {Nass, Clifford and Moon, Youngme},
  title     = {Machines and Mindlessness: Social Responses to Computers},
  journal   = {Journal of Social Issues},
  year      = {2000},
  volume    = {56},
  number    = {1},
  pages     = {81--103},
  doi       = {10.1111/0022-4537.00153},
  publisher = {Wiley Online Library},
}

@InProceedings{Friedberg2012lexical,
  author       = {Friedberg, Heather and Litman, Diane and Paletz, Susannah BF},
  booktitle    = {Spoken Language Technology Workshop ({SLT})},
  title        = {Lexical Entrainment and Success in Student Engineering Groups},
  year         = {2012},
  organization = {IEEE},
  pages        = {404--409},
  doi          = {10.1109/SLT.2012.6424258},
}

@Article{Harrington2007evidence,
  author  = {Harrington, Jonathan},
  journal = {Laboratory Phonology},
  title   = {Evidence for a Relationship Between Synchronic Variability and Diachronic Change in the {Q}ueen's Annual {C}hristmas Broadcasts},
  year    = {2007},
  pages   = {125--143},
  volume  = {9},
  url     = {https://www.phonetik.uni-muenchen.de/~jmh/research/papers/Harrington_proofs.pdf},
}

@Article{Harrington2000does,
  author    = {Harrington, Jonathan and Palethorpe, Sallyanne and Watson, Catherine I},
  journal   = {Nature},
  title     = {Does the {Q}ueen Speak the {Q}ueen's {E}nglish?},
  year      = {2000},
  number    = {6815},
  pages     = {927--928},
  volume    = {408},
  doi       = {10.1038/35050160},
  publisher = {Nature Publishing Group},
}

@Article{Bell1984language,
  author    = {Bell, Allan},
  journal   = {Language in Society},
  title     = {Language Style as Audience Design},
  year      = {1984},
  number    = {2},
  pages     = {145--204},
  volume    = {13},
  doi       = {10.1017/S004740450001037X},
  publisher = {Cambridge University Press},
}

@Article{Garrod2009joint,
  author    = {Garrod, Simon and Pickering, Martin J},
  journal   = {Topics in Cognitive Science},
  title     = {Joint Action, Interactive Alignment, and Dialog},
  year      = {2009},
  number    = {2},
  pages     = {292--304},
  volume    = {1},
  doi       = {10.1111/j.1756-8765.2009.01020.x},
  publisher = {Wiley Online Library},
}

@Article{Sweet1874history,
  author    = {Sweet, Henry},
  journal   = {Transactions of the Philological Society},
  title     = {The History or {E}nglish Sounds},
  year      = {1874},
  number    = {1},
  pages     = {461--623},
  volume    = {15},
  doi       = {10.1111/j.1467-968X.1874.tb00881.x},
  publisher = {Wiley Online Library},
}

@Book{Shapiro1992encyclopedia,
  author    = {Shapiro, Stuart C},
  publisher = {John Wiley},
  title     = {Encyclopedia of Artificial Intelligence},
  year      = {1992},
  doi       = {10.1017/S0263574700016489},
  notes     = {second edition},
}

@InProceedings{Skantze2009incremental,
  author    = {Skantze, Gabriel and Schlangen, David},
  booktitle = {European Chapter of the Association for Computational Linguistics ({EACL})},
  title     = {Incremental Dialogue Processing in a Micro-Domain},
  year      = {2009},
  doi       = {10.3115/1609067.1609150},
}

@InProceedings{Cohn2020Interspeech,
  author    = {Cohn, Michelle and Raveh, Eran and Predeck, Kristin and Gessinger, Iona and M{\"o}bius, Bernd and Zellou, Georgia},
  booktitle = {Interspeech},
  title     = {Differences in Gradient Emotion Perception: Human vs.\ {A}lexa Voices},
  year      = {2020},
  address   = {Shanghai, China},
  month     = {10},
  doi		= {10.21437/Interspeech.2020-1938},
}

@Article{Levitan2020developing,
  author    = {Levitan, Rivka},
  title     = {Developing an Integrated Model of Speech Entrainment},
  year      = {2020},
  booktitle = {International Joint Conference on Artificial Intelligence ({IJCAI})},
  doi       = {10.24963/ijcai.2020/727},
}

@Article{Acosta2011achieving,
  author    = {Acosta, Jaime C and Ward, Nigel G},
  journal   = {Speech Communication},
  title     = {Achieving Rrapport with Tturn-by-Turn, User-Responsive Emotional Coloring},
  year      = {2011},
  number    = {9-10},
  pages     = {1137--1148},
  volume    = {53},
  doi       = {10.1016/j.specom.2010.11.006},
  publisher = {Elsevier},
}

@Article{Suzuki2003effects,
  author    = {Suzuki, Noriko and Takeuchi, Yugo and Ishii, Kazuo and Okada, Michio},
  journal   = {Speech Communication},
  title     = {Effects of Echoic Mimicry Using Hummed Sounds on Human-Computer Interaction},
  year      = {2003},
  number    = {4},
  pages     = {559--573},
  volume    = {40},
  doi       = {10.1016/S0167-6393(02)00180-2},
  publisher = {Elsevier},
}

@Article{Ward2004automatic,
  author    = {Ward, Nigel and Nakagawa, Satoshi},
  journal   = {International Journal of Speech Technology},
  title     = {Automatic User-Adaptive Speaking Rate Selection},
  year      = {2004},
  number    = {4},
  pages     = {259--268},
  volume    = {7},
  doi       = {10.1023/B:IJST.0000037070.31146.f9},
  publisher = {Springer},
}

@InProceedings{Lubold2015naturalness,
  author       = {Lubold, Nichola and Pon-Barry, Heather and Walker, Erin},
  booktitle    = {Automatic Speech Recognition and Understanding ({ASRU})},
  title        = {Naturalness and Rapport in a Pitch Adaptive Learning Companion},
  year         = {2015},
  organization = {IEEE},
  pages        = {103--110},
  doi          = {10.1109/ASRU.2015.7404781},
}

@InProceedings{Nass1994computers,
  author    = {Nass, Clifford and Steuer, Jonathan and Tauber, Ellen R},
  booktitle = {conference on Human Factors in Computing Systems ({SIGCHI})},
  title     = {Computers are Social Actors},
  year      = {1994},
  pages     = {72--78},
  doi       = {10.1145/191666.191703},
}

@InProceedings{Gordon2018evaluating,
  author    = {Gordon, Carla and Georgila, Kallirroi and Choi, Hyungtak and Boberg, Jill and Traum, David},
  booktitle = {Workshop on the Semantics and Pragmatics of Dialogue ({SemDial})},
  title     = {Evaluating Subjective Feedback for Internet of Things Dialogues},
  year      = {2018},
  address   = {Aix-en-Provence, France},
  month     = {11},
  url       = {http://semdial.org/anthology/Z18-Gordon_semdial_0010.pdf},
}

@InProceedings{Raveh2020SpeechProsody,
  author    = {Raveh, Eran and Twig, Maya and M{\"o}bius, Bernd and Zehavi, Oded},
  booktitle = {Speech Prosody},
  title     = {Prosodic Alignments in Shadowed Singing of Familiar and Novel Music},
  year      = {2020},
  address   = {Tokyo, Japan},
  month     = {5},
  pages     = {606--610},
  doi       = {10.21437/SpeechProsody.2020-124},
  url       = {http://dx.doi.org/10.21437/SpeechProsody.2020-124},
}

@Article{Kawahara2006straight,
  author    = {Kawahara, Hideki},
  journal   = {Acoustical Science and Technology},
  title     = {{STRAIGHT}, Exploitation of the Other Aspect of {VOCODER}: Perceptually Isomorphic Decomposition of Speech Sounds},
  year      = {2006},
  number    = {6},
  pages     = {349--353},
  volume    = {27},
  doi       = {10.1250/ast.27.349},
  publisher = {Acoustical Society of Japan},
}

@Article{Kinsbourne2009embodied,
  title		= {Embodied Anticipation: A Neurodevelopmental Interpretation},
  author	= {Kinsbourne, Marcel and Jordan, J Scott},
  journal	= {Discourse Processes},
  volume	= {46},
  number	= {2-3},
  pages		= {103--126},
  year		= {2009},
  publisher	= {Taylor \& Francis},
  doi		= {10.1080/01638530902728942},
}

@Article{Leong2017speaker,
  title		= {Speaker Gaze Increases Information Coupling Between Infant and Adult Brains},
  author	= {Leong, Victoria and Byrne, Elizabeth and Clackson, Kaili and Georgieva, Stanimira and Lam, Sarah and Wass, Sam},
  journal	= {Proceedings of the National Academy of Sciences},
  volume	= {114},
  number	= {50},
  pages		= {13290--13295},
  year		= {2017},
  doi		= {10.17863/CAM.24090},
}

@InProceedings{Raveh2021ICASSP,
  author	= {Raveh, Eran and Govalkar, Prachi and Özer, Yigitcan and Dittmar, Christian},
  title		= {Phonetically Informed Sequence-to-Sequence {G}erman Text-to-Speech Synthesis},
  year		= {2021},
  booktitle	= {Acoustics, Speech and Signal Processing ({ICASSP})},
}

@InProceedings{Prenger2019WaveGlow,
  author	= {Ryan Prenger and Raffael Valle and Bryan Catanzaro}, 
  booktitle	= {{ICASSP}}, 
  title		= {{W}ave{G}low: {A} {F}low-based {G}enerative {N}etwork for {S}peech {S}ynthesis}, 
  year		= {2019}, 
  address	= {Brighton, UK},
  month		= {5},
  pages		= {3617--3621}, 
  doi  		= {10.1109/ICASSP.2019.8683143},
}

@InProceedings{Raveh2019PundP,
  author    = {Raveh, Eran and Steiner, Ingmar and Gessinger, Iona and M{\"o}bius, Bernd},
  booktitle = {Phonetik und Phonologie im deutschsprachigen Raum},
  title     = {Analyzing Phonetic Accommodation in Human-Human and Human-Computer Interactions},
  year      = {2019},
  address   = {D{\"u}sseldorf, Germany},
  month     = sep,
}

@InProceedings{Holliman1992Switchboard,
	author		= {Godfrey, J. J. and Holliman, E. C.  and McDaniel, J.},
	booktitle	= {Acoustics, Speech, and Signal Processing},
	title		= {{S}witch{B}oard: Telephone Speech Corpus for Research and Development},
	year		= {1992},
	volume		= {1},
	pages		= {517-520},
	doi			= {10.1109/ICASSP.1992.225858},
	publisher	= {IEEE Computer Society},
	address		= {Los Alamitos, CA, USA},
	month		= {3},
}

@InProceedings{Fong2019comparison,
  author    = {Jason Fong and Jason Taylor and Korin Richmond and Simon King},
  booktitle = {{ISCA} Speech Synthesis Workshop},
  title     = {{A Comparison of Letters and Phones as Input to Sequence-to-Sequence Models for Speech Synthesis}},
  year      = {2019},
  pages     = {223--227},
  doi       = {10.21437/SSW.2019-40},
}

@Article{Mori1970uncanny,
  title		= {The Uncanny Valley},%不気味の谷現象
  author	= {Mori, Masahiro},
  journal	= {Energy},
  volume	= {7},
  pages		= {33--35},
  year		= {1970},
  doi		= {10.1109/MRA.2012.2192811},
  note		= {in Japanese},
}

@InProceedings{Macdorman2006subjective,
  title		= {Subjective Ratings of Robot Video Clips for Human Likeness, Familiarity, and Eeriness: An Exploration of the Uncanny Valley},
  author	= {MacDorman, Karl F},
  address	= {Vancouver, Canada},
  publisher	= {ICCS/CogSci},
  booktitle	= {Toward Social Mechanisms of Android Science},
  pages		= {26--29},
  year		= {2006},
  url		= {http://www.macdorman.com/kfm/writings/pubs/MacDorman2006SubjectiveRatings.pdf},
}

@InProceedings{Han2018you,
  author    = {Han, Jing and Schmitt, Maximilian and Schuller, Bj{\"{o}}rn W.},
  editor    = {Alexey Karpov and Oliver Jokisch and Rodmonga Potapova},
  title     = {You Sound Like Your Counterpart: Interpersonal Speech Analysis},
  booktitle = {Speech and Computer {SpeCom}},
  address   = {Leipzig, Germany},
  month     = {9},
  series    = {Lecture Notes in Computer Science},
  volume    = {11096},
  pages     = {188--197},
  publisher = {Springer},
  year      = {2018},
  doi       = {10.1007/978-3-319-99579-3\_20},
}

@Comment{jabref-meta: databaseType:bibtex;}
